2552 3958
206 258 250 321 42
507 255 652 311 VERGILI
671 255 912 312 GEORGIOONI

104 488 107 494 ,
206 424 239 484 et
262 420 369 484 studio
392 421 553 484 incassum
574 419 682 483 videas
706 419 825 502 gestire
847 419 983 483 lavandi.

146 585 150 607 ,
206 521 278 581 tum
300 517 410 580 cornix
432 516 527 598 plena
549 515 691 598 pluyiam
713 519 807 579 vocat
829 516 977 600 improba
998 536 1075 579 voce

207 618 239 677 et
263 614 331 677 sola
353 613 388 677 in
411 613 493 676 sicca
517 633 623 676 secum
647 613 806 696 spatiatur
828 612 955 677 harena.

206 733 247 775 ne
268 715 426 774 nocturna
449 710 576 792 quidem
599 713 763 792 carpentes
786 732 886 793 pensa
908 711 1032 794 puellae
1163 727 1217 776 390

206 807 366 871 nescivere
388 806 540 890 hiemem,
562 809 647 869 testa
669 828 742 870 cum
765 807 894 871 ardente
917 808 1060 872 viderent

208 905 382 968 scintillare
406 903 511 966 oleum
534 906 566 966 et
588 903 693 986 putris
717 924 916 969 concrescere
938 905 1064 988 fungos.

252 999 319 1064 Neo
341 1000 448 1064 minus
472 1021 510 1063 ex
533 999 631 1063 imbri
654 1001 737 1064 soles
761 1005 794 1065 et
816 1005 927 1086 aperta
951 1023 1061 1066 serena

207 1099 389 1182 prospicere
411 1101 444 1160 et
467 1097 562 1161 certis
585 1097 707 1179 poteris
731 1119 921 1182 cognoscere
945 1098 1062 1183 signis:

207 1217 283 1260 nam
304 1216 407 1278 neque
429 1198 500 1258 tum
523 1193 625 1257 stellis
650 1195 731 1259 acies
755 1196 894 1260 obtunsa
917 1196 1057 1278 videtur,
1164 1215 1218 1262 395

207 1313 266 1357 nec
288 1292 397 1356 fratris
420 1291 518 1354 radiis
542 1285 686 1356 obnoxia
704 1313 833 1377 surgere
856 1290 961 1375 Luna,
1268 1308 1269 1378 l

208 1390 318 1454 tenuia
339 1410 398 1453 nec
419 1388 511 1452 lanae
533 1410 590 1471 per
613 1389 735 1452 caelum
757 1389 875 1452 vellera
896 1389 986 1473 ferri3

208 1509 274 1550 non
297 1485 440 1569 tepidum
463 1485 502 1548 ad
525 1485 626 1548 solem
648 1486 762 1568 pinnas
785 1487 820 1550 in
842 1487 937 1550 litore
960 1487 1105 1570 pandunt

210 1585 342 1647 dilectae
366 1582 493 1646 Thetidi
517 1582 678 1666 alcyones,
700 1604 767 1646 non
790 1605 843 1647 ore
868 1584 991 1648 solutos

210 1680 366 1746 immundi
388 1679 558 1744 meminere
582 1701 654 1744 sues
677 1681 795 1744 iactare
818 1681 985 1764 maniplos.
1165 1700 1218 1748 loo
1269 1642 1270 1726 l

210 1784 244 1844 at
266 1776 401 1840 nebulae
422 1776 524 1860 magis
548 1776 612 1840 ima
634 1781 750 1860 petunt
773 1799 948 1861 campoque
969 1779 1178 1866 recumbunt,

211 1876 289 1941 solis
312 1877 345 1937 et
368 1894 514 1937 occasum
537 1895 666 1937 servans
690 1873 727 1938 de
751 1875 887 1938 culmine
910 1897 1034 1939 summo

210 1973 405 2056 nequiquam
427 1992 515 2034 seros
539 1975 662 2035 exercet
684 1976 802 2036 noctua
824 1975 945 2036 cantus.
1270 1976 1271 2056 l

211 2072 343 2154 apparet
365 2067 488 2150 liquido
512 2067 660 2132 sublimis
683 2070 719 2133 in
741 2074 811 2133 abre
834 2067 950 2153 Nisus,
1270 2083 1271 2088 ’

211 2172 243 2232 et
266 2187 324 2250 pro
347 2185 508 2250 purpureo
532 2185 651 2246 poenas
675 2167 729 2230 dat
753 2163 860 2249 Scylla
882 2167 1012 2250 capillo:
1167 2186 1220 2234 eoo

93 2273 105 2302 ¹'
211 2283 409 2350 quacumque
432 2261 488 2324 illa
510 2261 613 2325 levem
634 2263 762 2347 fugiens
786 2267 871 2326 secat
895 2263 1023 2328 aethera
1045 2265 1170 2350 pinnis,

210 2383 280 2427 ecce
302 2358 451 2423 inimicus
475 2361 568 2422 atrox
591 2380 707 2444 magno
733 2359 869 2424 stridore
891 2381 948 2443 per
972 2382 1065 2424 auras

210 2456 392 2540 insequitur
414 2452 529 2538 Nisus3
552 2477 616 2539 qua
640 2477 673 2519 se
696 2455 758 2520 fert
780 2454 881 2520 Nisus
905 2456 944 2520 ad
967 2479 1076 2542 auras,

210 2555 267 2618 illa
288 2553 392 2616 levem
413 2551 539 2634 fugiens
563 2553 682 2634 raptim
705 2557 790 2617 secat
814 2553 943 2618 aethera
967 2555 1085 2637 pinnis.

211 2656 281 2715 tum
303 2647 441 2732 liquidas
466 2648 552 2712 corvi
575 2670 686 2731 presso
710 2653 759 2714 ter
783 2654 916 2735 gutture
937 2673 1030 2715 voces
1168 2673 1220 2720 410

211 2751 268 2812 aut
291 2749 404 2829 quater
426 2744 642 2830 ingeminant,
664 2749 696 2810 et
720 2769 813 2829 saepe
837 2747 997 2811 cubilibus
1021 2748 1097 2813 altis

210 2843 317 2909 nescio
342 2864 405 2925 qua
427 2845 553 2923 practer
577 2843 710 2907 solitum
733 2844 896 2908 dulcedine
919 2844 997 2908 laeti

211 2943 295 3006 inter
319 2961 352 3004 se
375 2939 409 3002 in
431 2938 518 3001 foliis
543 2939 731 3025 strepitant;
754 2941 843 3004 iuvat
865 2941 1023 3006 imbribus
1047 2945 1130 3007 actis

170 3032 171 3043 ’
211 3036 397 3122 progeniem
419 3056 550 3117 parvam
574 3036 739 3120 dulcisque
762 3039 899 3101 revisere
921 3038 1028 3103 nidos:

170 3122 174 3181 ἶ
210 3132 296 3199 haud
318 3133 464 3216 equidem
486 3133 593 3218 oredo,
616 3133 691 3217 quia
714 3134 758 3198 sit
782 3134 937 3198 divinitus
960 3135 1026 3199 illis
1170 3155 1222 3204 415

123 3279 130 3299 r
210 3230 375 3315 ingenium
399 3231 454 3292 aut
477 3251 584 3292 rerum
606 3230 675 3294 fato
700 3231 870 3314 prudentia
892 3232 1007 3317 maior,

177 3330 182 3373 ⁴·
211 3349 322 3392 verum
344 3325 401 3389 ubi
424 3329 597 3408 tempestas
621 3330 653 3389 et
678 3327 756 3390 caeli
778 3327 908 3392 mobilis
932 3351 1025 3393 umor

184 3430 186 3439 ⁴
211 3428 376 3488 mutavere
398 3422 484 3485 vices
510 3426 542 3485 et
563 3421 709 3505 Iuppiter
732 3424 847 3488 uvidus
871 3427 990 3490 austris

192 3521 326 3602 ,denset
349 3521 440 3582 erant
469 3539 550 3600 quae
577 3541 649 3582 rara
670 3520 780 3604 mod0,
808 3525 840 3584 et
868 3544 949 3606 quae
972 3523 1068 3588 densa
1090 3528 1226 3615 relaxat,
