2576 3970
416 241 564 296 VERGlLl
583 241 715 296 AENEIS
730 242 756 294 V
1026 242 1089 305 199

72 405 167 485 parte
191 403 290 488 prior,
315 404 433 486 partim
457 408 564 469 rostro
587 405 705 487 premit
729 404 852 469 aemula
874 404 998 469 Pristis.

73 503 108 562 at
133 499 240 563 media
265 501 369 564 socios
392 501 541 565 incedens
563 523 645 564 nave
668 523 724 584 per
746 501 834 584 ipsos

72 595 228 658 hortatur
251 595 452 662 Mnestheus:
478 599 573 662 ‘nunc
594 619 680 662 nunc
702 597 861 682 insurgite
883 597 989 681 remis,

73 691 230 758 Hectorei
254 693 342 778 socii,
365 692 478 758 Troiae
502 716 584 777 quos
608 699 695 758 sorte
719 716 867 777 suprema
1040 709 1090 758 190

73 790 181 875 delegi
205 791 352 876 comites3
374 813 460 856 nuno
481 793 555 855 illas
578 793 718 875 promite
739 792 834 877 uires,

73 909 162 951 nunc
186 888 320 974 animos,
344 889 460 972 quibus
484 889 520 952 in
542 885 688 953 Gaetulis
712 885 862 972 Syrtibus
887 888 938 951 usi

74 983 235 1067 Ionioque
256 983 339 1048 mari
362 984 549 1068 Maleaeque
572 985 762 1068 sequacibus
785 986 888 1049 undis.

75 1102 143 1145 non
165 1081 231 1144 iam
254 1081 358 1164 prima
379 1085 454 1164 peto
478 1080 666 1147 Mnestheus
690 1104 794 1166 neque
816 1083 942 1147 vincere
965 1086 1051 1146 certo

75 1176 290 1264 (quamquam
318 1181 351 1244 ol
374 1214 417 1225 -
441 1179 497 1244 sed
517 1184 668 1263 superent
691 1180 808 1264 quibus
832 1180 906 1265 hoc,
932 1177 1093 1265 Neptune,

807 1274 953 1364 dedisti):
1042 1290 1092 1338 100

77 1375 240 1436 extremos
263 1371 383 1455 pudeat
405 1371 545 1436 rediisse.
591 1371 653 1437 hoc
674 1374 802 1461 vincite,
824 1374 918 1460 cives,

78 1474 110 1534 00
133 1467 305 1553 prohibete
326 1469 438 1532 nefas?
486 1469 543 1532 oll'i
566 1471 739 1534 certamine
762 1491 886 1536 summo

78 1566 309 1651 procumbunt:
332 1565 435 1629 vastis
458 1566 568 1629 tremit
591 1566 710 1632 ictibus
734 1589 824 1632 aerea
847 1566 964 1650 puppis

79 1663 347 1746 subtrahiturque
370 1663 485 1749 solum,
508 1667 579 1727 turn
601 1664 710 1728 creber
734 1663 895 1728 anhelitus
919 1668 1009 1728 artus

79 1760 233 1844 aridaque
256 1781 312 1823 ora
336 1759 451 1845 quatit,
476 1760 573 1824 sudor
595 1760 669 1824 fluit
691 1761 831 1846 undique
853 1761 941 1826 rivis.
1041 1775 1094 1824 200

80 1859 193 1923 attulit
216 1857 287 1940 ipse
309 1856 388 1920 viris
412 1859 560 1940 optatum
583 1879 675 1922 casus
698 1857 861 1922 honorem.

79 1977 219 2038 namque
242 1955 352 2018 furens
376 1953 475 2034 animi
497 1954 573 2018 dum
594 1977 725 2038 proram
749 1955 788 2018 ad
811 1977 888 2018 saxa
912 1954 1069 2039 suburget
1101 1977 1103 1982 ’

80 2053 217 2117 interior
241 2051 410 2134 spatioque
434 2050 523 2114 subit
547 2049 716 2136 Sergestus
740 2052 862 2138 inique,
905 2053 908 2059 ’

80 2149 306 2216 infelixsaxis
329 2148 364 2212 in
386 2149 649 2231 procurrentibus
671 2149 784 2213 haesit.

81 2267 255 2313 concussae
279 2248 397 2329 cautes,
420 2249 452 2308 et
476 2250 570 2310 acuto
594 2247 629 2309 in
650 2247 770 2312 murice
793 2246 873 2312 remi
1044 2263 1095 2311 205

82 2343 195 2410 obnixi
218 2365 377 2428 crepuere,
399 2342 558 2424 inlisaque
581 2365 677 2426 prora
699 2344 857 2428 pependit.

81 2444 283 2526 consurgunt
305 2443 422 2504 nautae
446 2443 478 2503 et
500 2461 617 2524 magno
641 2441 778 2506 clamore
800 2445 969 2506 morantur

82 2542 284 2621 ferratasque
306 2537 416 2602 trudes
439 2540 472 2602 00
496 2541 589 2602 00000
612 2539 741 2622 cuspide
764 2543 876 2603 contos

82 2635 258 2720 expediunt
280 2635 464 2717 fractosque
486 2633 600 2718 legunt
622 2633 659 2698 in
681 2635 809 2720 gurgite
832 2657 945 2699 remos.

82 2739 118 2799 at
139 2734 245 2798 laetus
268 2730 455 2796 Mnestheus
480 2752 690 2815 successuque
713 2731 816 2796 acrior
839 2732 910 2814 ipso
1046 2749 1098 2798 210

82 2831 212 2916 agmine
235 2850 396 2892 remorum
419 2828 513 2892 celeri
535 2827 704 2911 ventisque
726 2829 848 2892 vocatis

82 2951 187 3014 prona
210 2926 293 3010 petit
315 2925 417 2989 maria
441 2929 473 2989 et
494 2925 609 3010 pelago
634 2925 773 2988 decurrit
796 2928 914 3008 aperto.

82 3025 190 3111 qualis
216 3024 366 3108 spelunca
389 3021 498 3088 subito
522 3026 682 3086 commota
706 3022 863 3106 columba,

82 3124 138 3200 cui
159 3123 273 3186 domus
297 3125 330 3184 et
352 3121 459 3184 dulces
483 3119 646 3184 latebroso
670 3119 705 3181 in
727 3119 853 3201 pumice
875 3117 953 3202 nidi,

82 3221 188 3284 fertur
210 3219 245 3282 in
268 3239 344 3282 arva
367 3218 480 3281 volans
503 3217 715 3300 plausumque
739 3215 892 3279 exterrita
914 3215 1022 3300 pinnis
1047 3233 1098 3280 010

81 3318 139 3381 dat
163 3320 249 3381 tecto
273 3316 447 3400 ingentem,
470 3335 546 3377 mor
570 3319 641 3377 aere
664 3314 755 3397 lapsa
778 3313 887 3398 quieto

81 3415 169 3480 radit
192 3415 255 3478 iter
277 3411 437 3496 liquidum
460 3411 571 3475 celeris
594 3432 698 3493 neque
721 3413 900 3475 commovet
923 3411 1002 3474 alas:

82 3514 131 3578 sic
154 3510 351 3595 Mnestheus,
374 3509 421 3572 sic
443 3509 514 3592 ipsa
537 3508 616 3592 fuga
639 3512 726 3572 secat
749 3508 864 3572 ultima
887 3507 1002 3571 Pristis
