<?xml version="1.0" encoding="UTF-8"?>
<!DOCTYPE html PUBLIC "-//W3C//DTD XHTML 1.0 Transitional//EN"
    "http://www.w3.org/TR/xhtml1/DTD/xhtml1-transitional.dtd">
<html xmlns="http://www.w3.org/1999/xhtml" xml:lang="en" lang="en">
 <head>
  <title>
</title>
<meta http-equiv="Content-Type" content="text/html;charset=utf-8" />
  <meta name='ocr-system' content='tesseract 3.04.00' />
  <meta name='ocr-capabilities' content='ocr_page ocr_carea ocr_par ocr_line ocrx_word'/>
</head>
<body>
  <div class='ocr_page' id='page_1' title='image "./pvergilimaronis11virggoog/pvergilimaronis11virggoog_0491.png"; bbox 0 0 2530 3960; ppageno 0'>
   <div class='ocr_carea' id='block_1_1' title="bbox 0 2026 3 3488">
    <p class='ocr_par' dir='ltr' id='par_1_1' title="bbox 0 2026 3 3488">
     <span class='ocr_line' id='line_1_1' title="bbox 0 2026 3 3488; baseline 0 0"><span class='ocrx_word' id='word_1_1' title='bbox 0 2026 3 3488; x_wconf 95' lang='lat' dir='ltr'> </span> 
     </span>
    </p>
   </div>
   <div class='ocr_carea' id='block_1_2' title="bbox 197 257 757 322">
    <p class='ocr_par' dir='ltr' id='par_1_2' title="bbox 197 257 757 322">
     <span class='ocr_line' id='line_1_2' title="bbox 197 257 757 322; baseline 0 -9"><span class='ocrx_word' id='word_1_2' title='bbox 197 259 261 322; x_wconf 82' lang='lat'>438</span> <span class='ocrx_word' id='word_1_3' title='bbox 657 257 757 313; x_wconf 77' lang='lat' dir='ltr'>clais.</span> 
     </span>
    </p>
   </div>
   <div class='ocr_carea' id='block_1_3' title="bbox 196 419 1215 3598">
    <p class='ocr_par' dir='ltr' id='par_1_3' title="bbox 196 419 1105 697">
     <span class='ocr_line' id='line_1_3' title="bbox 196 419 1105 504; baseline 0 -22"><span class='ocrx_word' id='word_1_4' title='bbox 196 419 249 482; x_wconf 92' lang='lat' dir='ltr'>hic</span> <span class='ocrx_word' id='word_1_5' title='bbox 271 420 359 482; x_wconf 86' lang='lat' dir='ltr'>velut</span> <span class='ocrx_word' id='word_1_6' title='bbox 382 419 416 483; x_wconf 93' lang='lat' dir='ltr'>in</span> <span class='ocrx_word' id='word_1_7' title='bbox 438 420 542 504; x_wconf 83' lang='lat' dir='ltr'>niveo,</span> <span class='ocrx_word' id='word_1_8' title='bbox 564 423 673 482; x_wconf 90' lang='lat' dir='ltr'>tenera</span> <span class='ocrx_word' id='word_1_9' title='bbox 698 422 746 482; x_wconf 89' lang='lat' dir='ltr'>est</span> <span class='ocrx_word' id='word_1_10' title='bbox 770 440 842 482; x_wconf 92' lang='lat' dir='ltr'>cum</span> <span class='ocrx_word' id='word_1_11' title='bbox 864 419 1017 501; x_wconf 85' lang='lat' dir='ltr'>primitus</span> <span class='ocrx_word' id='word_1_12' title='bbox 1043 439 1105 482; x_wconf 87' lang='lat' dir='ltr'>ovo</span> 
     </span>
     <span class='ocr_line' id='line_1_4' title="bbox 198 516 950 600; baseline -0.001 -21"><span class='ocrx_word' id='word_1_13' title='bbox 198 517 319 600; x_wconf 87' lang='lat' dir='ltr'>effigies</span> <span class='ocrx_word' id='word_1_14' title='bbox 343 517 515 580; x_wconf 88' lang='lat' dir='ltr'>animantis</span> <span class='ocrx_word' id='word_1_15' title='bbox 539 520 570 579; x_wconf 91' lang='lat' dir='ltr'>et</span> <span class='ocrx_word' id='word_1_16' title='bbox 593 516 774 579; x_wconf 88' lang='lat' dir='ltr'>internodia</span> <span class='ocrx_word' id='word_1_17' title='bbox 797 516 950 579; x_wconf 88' lang='lat' dir='ltr'>membris</span> 
     </span>
     <span class='ocr_line' id='line_1_5' title="bbox 198 612 944 697; baseline 0 -22"><span class='ocrx_word' id='word_1_18' title='bbox 198 612 372 697; x_wconf 85' lang='lat' dir='ltr'>inperfecta</span> <span class='ocrx_word' id='word_1_19' title='bbox 393 635 477 677; x_wconf 83' lang='lat' dir='ltr'>novo</span> <span class='ocrx_word' id='word_1_20' title='bbox 502 612 632 676; x_wconf 87' lang='lat' dir='ltr'>fluitant</span> <span class='ocrx_word' id='word_1_21' title='bbox 655 615 802 676; x_wconf 88' lang='lat' dir='ltr'>concreta</span> <span class='ocrx_word' id='word_1_22' title='bbox 826 612 944 675; x_wconf 87' lang='lat' dir='ltr'>calore:</span> 
     </span>
    </p>

    <p class='ocr_par' dir='ltr' id='par_1_4' title="bbox 198 708 1092 1082">
     <span class='ocr_line' id='line_1_6' title="bbox 199 708 1092 792; baseline -0.002 -19"><span class='ocrx_word' id='word_1_23' title='bbox 199 711 244 773; x_wconf 91' lang='lat' dir='ltr'>sic</span> <span class='ocrx_word' id='word_1_24' title='bbox 266 710 388 792; x_wconf 88' lang='lat' dir='ltr'>liquido</span> <span class='ocrx_word' id='word_1_25' title='bbox 413 708 536 792; x_wconf 81' lang='lat' dir='ltr'>Scyllae</span> <span class='ocrx_word' id='word_1_26' title='bbox 559 710 787 773; x_wconf 88' lang='lat' dir='ltr'>circumfusum</span> <span class='ocrx_word' id='word_1_27' title='bbox 810 731 947 792; x_wconf 87' lang='lat' dir='ltr'>aequore</span> <span class='ocrx_word' id='word_1_28' title='bbox 971 731 1092 792; x_wconf 87' lang='lat' dir='ltr'>corpus</span> 
     </span>
     <span class='ocr_line' id='line_1_7' title="bbox 199 805 1005 888; baseline 0.002 -20"><span class='ocrx_word' id='word_1_29' title='bbox 199 806 338 869; x_wconf 83' lang='lat' dir='ltr'><strong>semiferi</strong></span> <span class='ocrx_word' id='word_1_30' title='bbox 361 805 492 869; x_wconf 89' lang='lat' dir='ltr'>incertis</span> <span class='ocrx_word' id='word_1_31' title='bbox 516 805 613 868; x_wconf 89' lang='lat' dir='ltr'>etiam</span> <span class='ocrx_word' id='word_1_32' title='bbox 636 827 722 868; x_wconf 92' lang='lat' dir='ltr'>nunc</span> <span class='ocrx_word' id='word_1_33' title='bbox 744 807 891 888; x_wconf 88' lang='lat' dir='ltr'>partibus</span> <span class='ocrx_word' id='word_1_34' title='bbox 916 810 1005 870; x_wconf 88' lang='lat' dir='ltr'>artus</span> 
     </span>
     <span class='ocr_line' id='line_1_8' title="bbox 198 902 1057 985; baseline 0 -19"><span class='ocrx_word' id='word_1_35' title='bbox 198 903 338 985; x_wconf 89' lang='lat' dir='ltr'>undique</span> <span class='ocrx_word' id='word_1_36' title='bbox 360 902 530 966; x_wconf 89' lang='lat' dir='ltr'>mutabant</span> <span class='ocrx_word' id='word_1_37' title='bbox 554 905 650 984; x_wconf 89' lang='lat' dir='ltr'>atque</span> <span class='ocrx_word' id='word_1_38' title='bbox 673 903 813 985; x_wconf 88' lang='lat' dir='ltr'>undique</span> <span class='ocrx_word' id='word_1_39' title='bbox 835 902 1057 966; x_wconf 72' lang='lat' dir='ltr'>mutabantur.</span> 
     </span>
     <span class='ocr_line' id='line_1_9' title="bbox 200 999 1022 1082; baseline 0.002 -20"><span class='ocrx_word' id='word_1_40' title='bbox 200 999 264 1063; x_wconf 91' lang='lat' dir='ltr'>oris</span> <span class='ocrx_word' id='word_1_41' title='bbox 288 999 390 1063; x_wconf 80' lang='lat' dir='ltr'>honos</span> <span class='ocrx_word' id='word_1_42' title='bbox 414 1000 555 1082; x_wconf 91' lang='lat' dir='ltr'>primum</span> <span class='ocrx_word' id='word_1_43' title='bbox 579 1002 610 1062; x_wconf 86' lang='lat' dir='ltr'>et</span> <span class='ocrx_word' id='word_1_44' title='bbox 633 999 745 1062; x_wconf 87' lang='lat' dir='ltr'>multis</span> <span class='ocrx_word' id='word_1_45' title='bbox 770 1003 882 1082; x_wconf 90' lang='lat' dir='ltr'>optata</span> <span class='ocrx_word' id='word_1_46' title='bbox 904 1000 1022 1064; x_wconf 83' lang='lat' dir='ltr'>labella</span> 
     </span>
    </p>

    <p class='ocr_par' dir='ltr' id='par_1_5' title="bbox 199 1095 1074 1566">
     <span class='ocr_line' id='line_1_10' title="bbox 200 1095 1074 1178; baseline 0 -19"><span class='ocrx_word' id='word_1_47' title='bbox 200 1101 231 1159; x_wconf 90' lang='lat' dir='ltr'>et</span> <span class='ocrx_word' id='word_1_48' title='bbox 254 1096 383 1178; x_wconf 89' lang='lat' dir='ltr'>patulae</span> <span class='ocrx_word' id='word_1_49' title='bbox 405 1096 522 1159; x_wconf 88' lang='lat' dir='ltr'>frontis</span> <span class='ocrx_word' id='word_1_50' title='bbox 547 1095 666 1178; x_wconf 91' lang='lat' dir='ltr'>species</span> <span class='ocrx_word' id='word_1_51' title='bbox 690 1117 889 1160; x_wconf 82' lang='lat' dir='ltr'>concrescere</span> <span class='ocrx_word' id='word_1_52' title='bbox 913 1097 948 1158; x_wconf 91' lang='lat' dir='ltr'>in</span> <span class='ocrx_word' id='word_1_53' title='bbox 970 1119 1074 1160; x_wconf 90' lang='lat' dir='ltr'>unum</span> 
     </span>
     <span class='ocr_line' id='line_1_11' title="bbox 200 1191 1030 1277; baseline 0.002 -22"><span class='ocrx_word' id='word_1_54' title='bbox 200 1215 331 1276; x_wconf 88' lang='lat' dir='ltr'>coepere</span> <span class='ocrx_word' id='word_1_55' title='bbox 355 1197 386 1257; x_wconf 93' lang='lat' dir='ltr'>et</span> <span class='ocrx_word' id='word_1_56' title='bbox 410 1193 521 1277; x_wconf 86' lang='lat' dir='ltr'>gracili</span> <span class='ocrx_word' id='word_1_57' title='bbox 544 1196 688 1256; x_wconf 90' lang='lat' dir='ltr'>mentum</span> <span class='ocrx_word' id='word_1_58' title='bbox 711 1191 884 1275; x_wconf 88' lang='lat' dir='ltr'>producere</span> <span class='ocrx_word' id='word_1_59' title='bbox 907 1197 1030 1276; x_wconf 83' lang='lat' dir='ltr'>rostr03</span> 
     </span>
     <span class='ocr_line' id='line_1_12' title="bbox 200 1289 1055 1376; baseline 0.002 -24"><span class='ocrx_word' id='word_1_60' title='bbox 200 1294 270 1352; x_wconf 92' lang='lat' dir='ltr'>tum</span> <span class='ocrx_word' id='word_1_61' title='bbox 293 1313 356 1372; x_wconf 92' lang='lat' dir='ltr'>qua</span> <span class='ocrx_word' id='word_1_62' title='bbox 376 1311 408 1353; x_wconf 91' lang='lat' dir='ltr'>se</span> <span class='ocrx_word' id='word_1_63' title='bbox 432 1289 571 1352; x_wconf 89' lang='lat' dir='ltr'>medium</span> <span class='ocrx_word' id='word_1_64' title='bbox 595 1289 708 1372; x_wconf 90' lang='lat' dir='ltr'>capitis</span> <span class='ocrx_word' id='word_1_65' title='bbox 732 1289 902 1353; x_wconf 86' lang='lat' dir='ltr'>discrimen</span> <span class='ocrx_word' id='word_1_66' title='bbox 925 1290 1055 1376; x_wconf 82' lang='lat' dir='ltr'>agebat,</span> 
     </span>
     <span class='ocr_line' id='line_1_13' title="bbox 201 1386 1011 1469; baseline 0.001 -20"><span class='ocrx_word' id='word_1_67' title='bbox 201 1408 270 1450; x_wconf 91' lang='lat' dir='ltr'>ecce</span> <span class='ocrx_word' id='word_1_68' title='bbox 292 1391 422 1468; x_wconf 86' lang='lat' dir='ltr'>repente</span> <span class='ocrx_word' id='word_1_69' title='bbox 445 1387 532 1450; x_wconf 82' lang='lat' dir='ltr'>velut</span> <span class='ocrx_word' id='word_1_70' title='bbox 555 1387 678 1469; x_wconf 90' lang='lat' dir='ltr'>patrios</span> <span class='ocrx_word' id='word_1_71' title='bbox 702 1386 847 1449; x_wconf 90' lang='lat' dir='ltr'>imitatus</span> <span class='ocrx_word' id='word_1_72' title='bbox 870 1386 1011 1450; x_wconf 87' lang='lat' dir='ltr'>honores</span> 
     </span>
     <span class='ocr_line' id='line_1_14' title="bbox 199 1481 1025 1566; baseline 0 -20"><span class='ocrx_word' id='word_1_73' title='bbox 199 1483 366 1566; x_wconf 78' lang='lat' dir='ltr'>puniceam</span> <span class='ocrx_word' id='word_1_74' title='bbox 389 1483 551 1546; x_wconf 75' lang='lat' dir='ltr'>concussit</span> <span class='ocrx_word' id='word_1_75' title='bbox 575 1505 655 1565; x_wconf 83' lang='lat' dir='ltr'>apex</span> <span class='ocrx_word' id='word_1_76' title='bbox 678 1483 713 1545; x_wconf 92' lang='lat' dir='ltr'>in</span> <span class='ocrx_word' id='word_1_77' title='bbox 735 1481 853 1546; x_wconf 87' lang='lat' dir='ltr'>vertice</span> <span class='ocrx_word' id='word_1_78' title='bbox 877 1483 1025 1566; x_wconf 86' lang='lat' dir='ltr'>cristam;</span> 
     </span>
    </p>

    <p class='ocr_par' dir='ltr' id='par_1_6' title="bbox 200 1579 1038 2148">
     <span class='ocr_line' id='line_1_15' title="bbox 201 1579 940 1662; baseline -0.003 -18"><span class='ocrx_word' id='word_1_79' title='bbox 201 1585 234 1644; x_wconf 89' lang='lat' dir='ltr'>at</span> <span class='ocrx_word' id='word_1_80' title='bbox 257 1580 364 1643; x_wconf 91' lang='lat' dir='ltr'>mollis</span> <span class='ocrx_word' id='word_1_81' title='bbox 387 1581 493 1643; x_wconf 83' lang='lat' dir='ltr'>varios</span> <span class='ocrx_word' id='word_1_82' title='bbox 516 1581 662 1644; x_wconf 83' lang='lat' dir='ltr'>intexens</span> <span class='ocrx_word' id='word_1_83' title='bbox 685 1579 794 1662; x_wconf 90' lang='lat' dir='ltr'>pluma</span> <span class='ocrx_word' id='word_1_84' title='bbox 818 1580 940 1643; x_wconf 89' lang='lat' dir='ltr'>colores</span> 
     </span>
     <span class='ocr_line' id='line_1_16' title="bbox 201 1676 1027 1763; baseline -0.001 -21"><span class='ocrx_word' id='word_1_85' title='bbox 201 1699 415 1742; x_wconf 86' lang='lat' dir='ltr'>marmoreum</span> <span class='ocrx_word' id='word_1_86' title='bbox 438 1676 560 1739; x_wconf 86' lang='lat' dir='ltr'>volucri</span> <span class='ocrx_word' id='word_1_87' title='bbox 583 1677 714 1740; x_wconf 87' lang='lat' dir='ltr'>vestivit</span> <span class='ocrx_word' id='word_1_88' title='bbox 737 1677 877 1760; x_wconf 91' lang='lat' dir='ltr'>tegmine</span> <span class='ocrx_word' id='word_1_89' title='bbox 901 1698 1027 1763; x_wconf 83' lang='lat' dir='ltr'>corpus,</span> 
     </span>
     <span class='ocr_line' id='line_1_17' title="bbox 200 1772 1038 1857; baseline -0.001 -18"><span class='ocrx_word' id='word_1_90' title='bbox 200 1777 349 1857; x_wconf 89' lang='lat' dir='ltr'>lentaque</span> <span class='ocrx_word' id='word_1_91' title='bbox 373 1777 542 1856; x_wconf 88' lang='lat' dir='ltr'>perpetuas</span> <span class='ocrx_word' id='word_1_92' title='bbox 566 1773 718 1837; x_wconf 87' lang='lat' dir='ltr'>fuderunt</span> <span class='ocrx_word' id='word_1_93' title='bbox 741 1772 889 1836; x_wconf 84' lang='lat' dir='ltr'>bracchia</span> <span class='ocrx_word' id='word_1_94' title='bbox 911 1774 1038 1856; x_wconf 81' lang='lat' dir='ltr'>pinnas</span> 
     </span>
     <span class='ocr_line' id='line_1_18' title="bbox 201 1869 984 1952; baseline -0.003 -17"><span class='ocrx_word' id='word_1_95' title='bbox 201 1873 274 1936; x_wconf 92' lang='lat' dir='ltr'>inde</span> <span class='ocrx_word' id='word_1_96' title='bbox 297 1871 375 1934; x_wconf 91' lang='lat' dir='ltr'>alias</span> <span class='ocrx_word' id='word_1_97' title='bbox 398 1873 506 1952; x_wconf 89' lang='lat' dir='ltr'>partes</span> <span class='ocrx_word' id='word_1_98' title='bbox 530 1870 693 1952; x_wconf 90' lang='lat' dir='ltr'>minioque</span> <span class='ocrx_word' id='word_1_99' title='bbox 716 1870 833 1933; x_wconf 85' lang='lat' dir='ltr'>infecta</span> <span class='ocrx_word' id='word_1_100' title='bbox 855 1869 984 1933; x_wconf 90' lang='lat' dir='ltr'>rubenti</span> 
     </span>
     <span class='ocr_line' id='line_1_19' title="bbox 202 1967 971 2049; baseline -0.005 -15"><span class='ocrx_word' id='word_1_101' title='bbox 202 1992 293 2034; x_wconf 87' lang='lat' dir='ltr'>crura</span> <span class='ocrx_word' id='word_1_102' title='bbox 315 1990 399 2030; x_wconf 85' lang='lat' dir='ltr'>nova</span> <span class='ocrx_word' id='word_1_103' title='bbox 421 1967 537 2030; x_wconf 90' lang='lat' dir='ltr'>macies</span> <span class='ocrx_word' id='word_1_104' title='bbox 562 1967 696 2030; x_wconf 87' lang='lat' dir='ltr'>obduxit</span> <span class='ocrx_word' id='word_1_105' title='bbox 720 1967 865 2049; x_wconf 90' lang='lat' dir='ltr'>squalida</span> <span class='ocrx_word' id='word_1_106' title='bbox 887 1967 971 2048; x_wconf 90' lang='lat' dir='ltr'>pelle</span> 
     </span>
     <span class='ocr_line' id='line_1_20' title="bbox 202 2063 957 2148; baseline -0.005 -18"><span class='ocrx_word' id='word_1_107' title='bbox 202 2064 391 2148; x_wconf 89' lang='lat' dir='ltr'>etpedibus</span> <span class='ocrx_word' id='word_1_108' title='bbox 415 2064 533 2128; x_wconf 90' lang='lat' dir='ltr'>teneris</span> <span class='ocrx_word' id='word_1_109' title='bbox 557 2084 680 2148; x_wconf 88' lang='lat' dir='ltr'>ungues</span> <span class='ocrx_word' id='word_1_110' title='bbox 705 2063 815 2127; x_wconf 84' lang='lat' dir='ltr'>adfixit</span> <span class='ocrx_word' id='word_1_111' title='bbox 839 2069 957 2127; x_wconf 88' lang='lat' dir='ltr'>acutos.</span> 
     </span>
    </p>

    <p class='ocr_par' dir='ltr' id='par_1_7' title="bbox 201 2160 1080 2540">
     <span class='ocr_line' id='line_1_21' title="bbox 202 2160 1080 2242; baseline -0.006 -15"><span class='ocrx_word' id='word_1_112' title='bbox 202 2167 234 2227; x_wconf 90' lang='lat' dir='ltr'>et</span> <span class='ocrx_word' id='word_1_113' title='bbox 256 2167 364 2232; x_wconf 85' lang='lat' dir='ltr'>tamen</span> <span class='ocrx_word' id='word_1_114' title='bbox 386 2160 448 2224; x_wconf 89' lang='lat' dir='ltr'>hoc</span> <span class='ocrx_word' id='word_1_115' title='bbox 471 2160 598 2223; x_wconf 92' lang='lat' dir='ltr'>demum</span> <span class='ocrx_word' id='word_1_116' title='bbox 621 2160 755 2223; x_wconf 87' lang='lat' dir='ltr'>miserae</span> <span class='ocrx_word' id='word_1_117' title='bbox 778 2169 960 2224; x_wconf 83' lang='lat' dir='ltr'>succurrere</span> <span class='ocrx_word' id='word_1_118' title='bbox 982 2163 1080 2242; x_wconf 88' lang='lat' dir='ltr'>pacto</span> 
     </span>
     <span class='ocr_line' id='line_1_22' title="bbox 201 2254 1020 2340; baseline -0.006 -17"><span class='ocrx_word' id='word_1_119' title='bbox 201 2260 255 2324; x_wconf 84' lang='lat' dir='ltr'>vix</span> <span class='ocrx_word' id='word_1_120' title='bbox 278 2259 382 2322; x_wconf 85' lang='lat' dir='ltr'>fuerat</span> <span class='ocrx_word' id='word_1_121' title='bbox 404 2257 528 2339; x_wconf 90' lang='lat' dir='ltr'>placida</span> <span class='ocrx_word' id='word_1_122' title='bbox 551 2254 695 2339; x_wconf 87' lang='lat' dir='ltr'>Neptuni</span> <span class='ocrx_word' id='word_1_123' title='bbox 718 2256 853 2340; x_wconf 89' lang='lat' dir='ltr'>coniuge</span> <span class='ocrx_word' id='word_1_124' title='bbox 877 2255 1020 2340; x_wconf 90' lang='lat' dir='ltr'>dignum.</span> 
     </span>
     <span class='ocr_line' id='line_1_23' title="bbox 201 2352 1079 2440; baseline -0.006 -19"><span class='ocrx_word' id='word_1_125' title='bbox 201 2378 376 2440; x_wconf 88' lang='lat' dir='ltr'>numquam</span> <span class='ocrx_word' id='word_1_126' title='bbox 398 2354 487 2416; x_wconf 90' lang='lat' dir='ltr'>illam</span> <span class='ocrx_word' id='word_1_127' title='bbox 510 2352 685 2436; x_wconf 88' lang='lat' dir='ltr'>posthaec</span> <span class='ocrx_word' id='word_1_128' title='bbox 708 2353 792 2416; x_wconf 85' lang='lat' dir='ltr'>oculi</span> <span class='ocrx_word' id='word_1_129' title='bbox 815 2353 920 2416; x_wconf 87' lang='lat' dir='ltr'>videre</span> <span class='ocrx_word' id='word_1_130' title='bbox 944 2373 1079 2416; x_wconf 91' lang='lat' dir='ltr'>suorum</span> 
     </span>
     <span class='ocr_line' id='line_1_24' title="bbox 202 2449 972 2540; baseline -0.009 -22"><span class='ocrx_word' id='word_1_131' title='bbox 202 2474 377 2540; x_wconf 89' lang='lat' dir='ltr'>purpureas</span> <span class='ocrx_word' id='word_1_132' title='bbox 401 2450 484 2514; x_wconf 87' lang='lat' dir='ltr'>flavo</span> <span class='ocrx_word' id='word_1_133' title='bbox 508 2450 699 2513; x_wconf 89' lang='lat' dir='ltr'>retinentem</span> <span class='ocrx_word' id='word_1_134' title='bbox 722 2449 840 2513; x_wconf 86' lang='lat' dir='ltr'>vertice</span> <span class='ocrx_word' id='word_1_135' title='bbox 864 2449 972 2532; x_wconf 85' lang='lat' dir='ltr'>vittas,</span> 
     </span>
    </p>

    <p class='ocr_par' dir='ltr' id='par_1_8' title="bbox 201 2546 1098 2828">
     <span class='ocr_line' id='line_1_25' title="bbox 201 2546 1047 2630; baseline -0.008 -16"><span class='ocrx_word' id='word_1_136' title='bbox 201 2571 268 2614; x_wconf 91' lang='lat' dir='ltr'>non</span> <span class='ocrx_word' id='word_1_137' title='bbox 290 2549 450 2612; x_wconf 85' lang='lat' dir='ltr'>thalamus</span> <span class='ocrx_word' id='word_1_138' title='bbox 474 2547 571 2630; x_wconf 86' lang='lat' dir='ltr'>Tyrio</span> <span class='ocrx_word' id='word_1_139' title='bbox 595 2547 741 2630; x_wconf 83' lang='lat' dir='ltr'>fragrans</span> <span class='ocrx_word' id='word_1_140' title='bbox 766 2546 886 2628; x_wconf 88' lang='lat' dir='ltr'>accepit</span> <span class='ocrx_word' id='word_1_141' title='bbox 909 2566 1047 2630; x_wconf 77' lang='lat' dir='ltr'>amomo,</span> 
     </span>
     <span class='ocr_line' id='line_1_26' title="bbox 201 2641 1098 2726; baseline -0.004 -16"><span class='ocrx_word' id='word_1_142' title='bbox 201 2647 308 2710; x_wconf 89' lang='lat' dir='ltr'>nullae</span> <span class='ocrx_word' id='word_1_143' title='bbox 331 2645 420 2708; x_wconf 89' lang='lat' dir='ltr'>illam</span> <span class='ocrx_word' id='word_1_144' title='bbox 444 2644 545 2707; x_wconf 89' lang='lat' dir='ltr'>sedes:</span> <span class='ocrx_word' id='word_1_145' title='bbox 570 2643 646 2726; x_wconf 90' lang='lat' dir='ltr'>quid</span> <span class='ocrx_word' id='word_1_146' title='bbox 670 2643 755 2706; x_wconf 90' lang='lat' dir='ltr'>enim</span> <span class='ocrx_word' id='word_1_147' title='bbox 778 2664 851 2706; x_wconf 90' lang='lat' dir='ltr'>cum</span> <span class='ocrx_word' id='word_1_148' title='bbox 874 2641 1002 2705; x_wconf 89' lang='lat' dir='ltr'>sedibus</span> <span class='ocrx_word' id='word_1_149' title='bbox 1026 2642 1098 2706; x_wconf 76' lang='lat' dir='ltr'>illi?</span> 
     </span>
     <span class='ocr_line' id='line_1_27' title="bbox 203 2738 986 2828; baseline -0.009 -21"><span class='ocrx_word' id='word_1_150' title='bbox 203 2766 282 2828; x_wconf 90' lang='lat' dir='ltr'>quae</span> <span class='ocrx_word' id='word_1_151' title='bbox 307 2742 402 2806; x_wconf 90' lang='lat' dir='ltr'>simul</span> <span class='ocrx_word' id='word_1_152' title='bbox 424 2745 461 2804; x_wconf 92' lang='lat' dir='ltr'>ut</span> <span class='ocrx_word' id='word_1_153' title='bbox 486 2763 554 2804; x_wconf 90' lang='lat' dir='ltr'>sese</span> <span class='ocrx_word' id='word_1_154' title='bbox 577 2762 655 2803; x_wconf 92' lang='lat' dir='ltr'>cano</span> <span class='ocrx_word' id='word_1_155' title='bbox 681 2740 718 2802; x_wconf 90' lang='lat' dir='ltr'>de</span> <span class='ocrx_word' id='word_1_156' title='bbox 741 2739 869 2823; x_wconf 83' lang='lat' dir='ltr'>gurgite</span> <span class='ocrx_word' id='word_1_157' title='bbox 892 2738 986 2801; x_wconf 84' lang='lat' dir='ltr'>velox</span> 
     </span>
    </p>

    <p class='ocr_par' dir='ltr' id='par_1_9' title="bbox 202 2834 1215 3308">
     <span class='ocr_line' id='line_1_28' title="bbox 202 2834 1215 2906; baseline -0.004 -2"><span class='ocrx_word' id='word_1_158' title='bbox 202 2864 274 2904; x_wconf 92' lang='lat' dir='ltr'>cum</span> <span class='ocrx_word' id='word_1_159' title='bbox 298 2839 406 2904; x_wconf 90' lang='lat' dir='ltr'>sonitu</span> <span class='ocrx_word' id='word_1_160' title='bbox 429 2839 468 2902; x_wconf 93' lang='lat' dir='ltr'>ad</span> <span class='ocrx_word' id='word_1_161' title='bbox 491 2838 614 2902; x_wconf 90' lang='lat' dir='ltr'>caelum</span> <span class='ocrx_word' id='word_1_162' title='bbox 636 2836 846 2906; x_wconf 88' lang='lat' dir='ltr'>stridentibus</span> <span class='ocrx_word' id='word_1_163' title='bbox 870 2834 986 2898; x_wconf 85' lang='lat' dir='ltr'>extulit</span> <span class='ocrx_word' id='word_1_164' title='bbox 1010 2835 1072 2898; x_wconf 89' lang='lat' dir='ltr'>alis</span> <span class='ocrx_word' id='word_1_165' title='bbox 1166 2854 1215 2901; x_wconf 73' lang='lat'>515</span> 
     </span>
     <span class='ocr_line' id='line_1_29' title="bbox 203 2934 1002 3017; baseline -0.009 -16"><span class='ocrx_word' id='word_1_166' title='bbox 203 2943 234 3000; x_wconf 93' lang='lat' dir='ltr'>et</span> <span class='ocrx_word' id='word_1_167' title='bbox 257 2937 396 3001; x_wconf 91' lang='lat' dir='ltr'>multum</span> <span class='ocrx_word' id='word_1_168' title='bbox 418 2936 483 2998; x_wconf 86' lang='grc'>1111</span> <span class='ocrx_word' id='word_1_169' title='bbox 506 2934 657 3017; x_wconf 88' lang='lat' dir='ltr'>dispersit</span> <span class='ocrx_word' id='word_1_170' title='bbox 680 2934 714 2996; x_wconf 89' lang='lat' dir='ltr'>in</span> <span class='ocrx_word' id='word_1_171' title='bbox 737 2953 875 3015; x_wconf 90' lang='lat' dir='ltr'>aequora</span> <span class='ocrx_word' id='word_1_172' title='bbox 898 2952 1002 2994; x_wconf 90' lang='lat' dir='ltr'>rorem</span> 
     </span>
     <span class='ocr_line' id='line_1_30' title="bbox 202 3031 965 3116; baseline -0.009 -19"><span class='ocrx_word' id='word_1_173' title='bbox 202 3034 314 3097; x_wconf 84' lang='lat' dir='ltr'>infelix</span> <span class='ocrx_word' id='word_1_174' title='bbox 337 3033 428 3116; x_wconf 83' lang='lat' dir='ltr'>virgo</span> <span class='ocrx_word' id='word_1_175' title='bbox 452 3031 647 3114; x_wconf 90' lang='lat' dir='ltr'>nequiquam</span> <span class='ocrx_word' id='word_1_176' title='bbox 671 3052 689 3092; x_wconf 90' lang='lat' dir='ltr'>a</span> <span class='ocrx_word' id='word_1_177' title='bbox 712 3034 815 3092; x_wconf 90' lang='lat' dir='ltr'>morte</span> <span class='ocrx_word' id='word_1_178' title='bbox 838 3031 965 3110; x_wconf 88' lang='lat' dir='ltr'>recepta</span> 
     </span>
     <span class='ocr_line' id='line_1_31' title="bbox 203 3125 947 3210; baseline -0.011 -16"><span class='ocrx_word' id='word_1_179' title='bbox 203 3130 359 3194; x_wconf 87' lang='lat' dir='ltr'>incultum</span> <span class='ocrx_word' id='word_1_180' title='bbox 384 3128 461 3192; x_wconf 88' lang='lat' dir='ltr'>solis</span> <span class='ocrx_word' id='word_1_181' title='bbox 485 3128 520 3190; x_wconf 92' lang='lat' dir='ltr'>in</span> <span class='ocrx_word' id='word_1_182' title='bbox 541 3126 676 3210; x_wconf 87' lang='lat' dir='ltr'>rupibus</span> <span class='ocrx_word' id='word_1_183' title='bbox 701 3125 802 3209; x_wconf 81' lang='lat' dir='ltr'>exigit</span> <span class='ocrx_word' id='word_1_184' title='bbox 826 3146 947 3208; x_wconf 82' lang='lat' dir='ltr'>aevum,</span> 
     </span>
     <span class='ocr_line' id='line_1_32' title="bbox 203 3221 954 3308; baseline -0.007 -19"><span class='ocrx_word' id='word_1_185' title='bbox 203 3226 337 3308; x_wconf 90' lang='lat' dir='ltr'>rupibus</span> <span class='ocrx_word' id='word_1_186' title='bbox 361 3229 393 3288; x_wconf 91' lang='lat' dir='ltr'>et</span> <span class='ocrx_word' id='word_1_187' title='bbox 418 3225 557 3307; x_wconf 85' lang='lat' dir='ltr'>scopulis</span> <span class='ocrx_word' id='word_1_188' title='bbox 581 3228 613 3286; x_wconf 90' lang='lat' dir='ltr'>et</span> <span class='ocrx_word' id='word_1_189' title='bbox 636 3223 787 3286; x_wconf 87' lang='lat' dir='ltr'>litoribus</span> <span class='ocrx_word' id='word_1_190' title='bbox 814 3221 954 3285; x_wconf 90' lang='lat' dir='ltr'>desertis.</span> 
     </span>
    </p>

    <p class='ocr_par' dir='ltr' id='par_1_10' title="bbox 203 3318 1212 3598">
     <span class='ocr_line' id='line_1_33' title="bbox 203 3318 1212 3406; baseline 0.002 -23"><span class='ocrx_word' id='word_1_191' title='bbox 203 3343 260 3383; x_wconf 91' lang='lat' dir='ltr'>nec</span> <span class='ocrx_word' id='word_1_192' title='bbox 274 3325 382 3384; x_wconf 87' lang='lat' dir='ltr'>tamen</span> <span class='ocrx_word' id='word_1_193' title='bbox 394 3321 454 3383; x_wconf 90' lang='lat' dir='ltr'>hoc</span> <span class='ocrx_word' id='word_1_194' title='bbox 469 3321 575 3402; x_wconf 86' lang='lat' dir='ltr'>ipsum</span> <span class='ocrx_word' id='word_1_195' title='bbox 589 3341 691 3402; x_wconf 89' lang='lat' dir='ltr'>poena</span> <span class='ocrx_word' id='word_1_196' title='bbox 711 3321 791 3382; x_wconf 87' lang='lat' dir='ltr'>sine:</span> <span class='ocrx_word' id='word_1_197' title='bbox 806 3339 944 3400; x_wconf 88' lang='lat' dir='ltr'>namque</span> <span class='ocrx_word' id='word_1_198' title='bbox 959 3318 1058 3384; x_wconf 88' lang='lat' dir='ltr'>deum</span> <span class='ocrx_word' id='word_1_199' title='bbox 1073 3342 1139 3406; x_wconf 83' lang='lat' dir='ltr'>rex,</span> <span class='ocrx_word' id='word_1_200' title='bbox 1162 3337 1212 3386; x_wconf 70' lang='lat' dir='ltr'>cao</span> 
     </span>
     <span class='ocr_line' id='line_1_34' title="bbox 205 3415 992 3500; baseline -0.005 -21"><span class='ocrx_word' id='word_1_201' title='bbox 205 3416 311 3479; x_wconf 88' lang='lat' dir='ltr'>omnia</span> <span class='ocrx_word' id='word_1_202' title='bbox 336 3416 391 3497; x_wconf 90' lang='lat' dir='ltr'>qui</span> <span class='ocrx_word' id='word_1_203' title='bbox 415 3416 559 3500; x_wconf 78' lang='lat' dir='ltr'>imperio,</span> <span class='ocrx_word' id='word_1_204' title='bbox 582 3420 741 3478; x_wconf 87' lang='lat' dir='ltr'>terrarum</span> <span class='ocrx_word' id='word_1_205' title='bbox 763 3415 852 3478; x_wconf 91' lang='lat' dir='ltr'>milia</span> <span class='ocrx_word' id='word_1_206' title='bbox 875 3417 992 3498; x_wconf 82' lang='lat' dir='ltr'>versat,</span> 
     </span>
     <span class='ocr_line' id='line_1_35' title="bbox 203 3511 1057 3598; baseline -0.001 -23"><span class='ocrx_word' id='word_1_207' title='bbox 203 3515 382 3575; x_wconf 87' lang='lat' dir='ltr'>commotus</span> <span class='ocrx_word' id='word_1_208' title='bbox 406 3512 503 3574; x_wconf 90' lang='lat' dir='ltr'>talem</span> <span class='ocrx_word' id='word_1_209' title='bbox 527 3513 566 3575; x_wconf 88' lang='lat' dir='ltr'>ad</span> <span class='ocrx_word' id='word_1_210' title='bbox 590 3534 721 3595; x_wconf 89' lang='lat' dir='ltr'>superos</span> <span class='ocrx_word' id='word_1_211' title='bbox 746 3512 879 3576; x_wconf 89' lang='lat' dir='ltr'>volitare</span> <span class='ocrx_word' id='word_1_212' title='bbox 903 3511 1057 3598; x_wconf 79' lang='lat' dir='ltr'>puellam,</span> 
     </span>
    </p>
   </div>
   <div class='ocr_carea' id='block_1_4' title="bbox 0 0 1277 3956">
    <p class='ocr_par' dir='ltr' id='par_1_11' title="bbox 0 0 1277 3956">
     <span class='ocr_line' id='line_1_36' title="bbox 0 0 1277 3956; baseline 0 0"><span class='ocrx_word' id='word_1_213' title='bbox 0 0 1277 3956; x_wconf 95' lang='lat' dir='ltr'> </span> 
     </span>
    </p>
   </div>
  </div>
 </body>
</html>
