2574 3964
359 244 508 298 teuteus
525 244 736 300 Gnossetcox
752 245 778 297 ll
812 273 816 280 ·
1027 244 1071 306 49

76 411 260 489 temptatura
281 406 379 489 pedes
400 407 480 469 olim
500 407 710 491 tincturaque
731 407 890 491 linguam

74 525 241 586 purpureae
262 504 463 586 preciaeque.
485 509 517 566 et
540 509 662 587 quote
683 505 823 567 carmine
843 504 961 586 dicam,
1036 518 1070 566 ⁹⁵

74 599 239 672 Rhaetica?
261 622 319 664 uec
342 601 431 664 cellis
453 601 525 666 ideo
547 601 702 664 contende
723 600 877 664 Falernis

75 700 141 760 sunt
162 701 195 760 et
216 696 395 760 Aminneae
416 699 514 780 ritas,
534 698 720 760 firmissima
741 699 832 767 rina,

74 794 208 857 Tmolius
231 794 376 878 adsurgit
399 794 518 876 quibus
540 799 573 857 ct
594 817 651 857 rex
673 796 743 878 ipse
763 794 944 858 Phanaeus:

74 892 241 976 argitisque
262 892 383 973 minor,
404 892 456 954 cui
477 913 545 954 non
565 891 734 954 certaverit
756 891 823 952 ulla

75 993 123 1051 aut
143 992 271 1051 tantum
293 989 392 1051 fluere
413 994 470 1052 ant
491 989 628 1051 totidem
648 989 763 1051 durare
784 1011 842 1070 per
864 1009 974 1051 annos.
1020 1003 1070 1049 loo

74 1107 132 1149 uon
153 1107 211 1170 ego
232 1089 280 1168 te,
302 1085 351 1147 dis
374 1089 407 1148 ct
428 1086 548 1148 mensis
571 1091 700 1168 accepta
723 1085 882 1166 mundis,

74 1182 262 1266 transierim,
284 1180 425 1264 Rhodia,
446 1187 480 1245 et
501 1181 650 1266 tumidis,
671 1182 832 1264 bumaste,
853 1181 995 1244 racemis.

75 1279 122 1342 scd
138 1300 241 1361 neque
259 1300 358 1360 quam
374 1278 495 1341 multae
513 1279 644 1362 species,
663 1300 722 1342 nec
740 1279 873 1342 nomina
891 1300 973 1360 quae
996 1277 1071 1360 sint,

74 1380 118 1438 est
137 1397 303 1438 numerus:
324 1396 429 1457 neque
451 1376 537 1438 enim
557 1396 691 1438 numero
713 1375 938 1458 comprendere
959 1375 1070 1455 refert3

74 1494 160 1556 quem
182 1473 238 1554 qui
260 1471 342 1535 scire
363 1471 456 1554 velit,
477 1471 592 1555 Libyci
613 1472 692 1534 velit
714 1472 861 1554 aequoris
883 1471 968 1534 idem
1020 1488 1070 1535 100

74 1570 184 1633 discere
206 1590 304 1650 quam
325 1567 446 1631 multae
469 1568 608 1650 zephyro
631 1569 803 1632 turbentur
823 1569 974 1650 harenae,

75 1670 124 1728 aut
144 1665 200 1728 ubi
221 1664 360 1748 navigiis
383 1665 555 1728 violentior
576 1665 689 1728 incidit
712 1688 821 1748 eurus,

74 1784 160 1827 nosse
181 1765 261 1845 quot
283 1760 369 1825 Ionii
390 1763 522 1825 veniant
543 1763 584 1826 ad
604 1763 702 1826 litora
724 1763 849 1826 fluctus.
1022 1781 1070 1828 108

55 1848 58 1854 ¹
113 1859 212 1935 Quare
235 1860 322 1944 agite
344 1881 364 1922 o
386 1861 534 1943 proprios
556 1861 734 1944 generatim
756 1861 868 1924 discite
890 1861 1006 1933 cultus.
1035 1879 1070 1926 ³5

75 1956 235 2040 agricolae,
257 1956 445 2038 fructusque
466 1957 552 2021 feros
574 1958 704 2021 mollite
721 1957 866 2041 colendo,

73 2076 128 2117 neu
149 2074 263 2137 segnes
285 2053 409 2116 iaceant
431 2059 544 2117 terrae.
588 2055 678 2118 iuvat
699 2054 821 2118 Ismara
844 2055 963 2120 baccho

73 2171 228 2214 conserere
251 2153 348 2232 atque
371 2151 440 2213 olea
461 2172 615 2234 magnum
636 2153 755 2216 restire
777 2152 972 2218 Taburnum
1036 2171 1071 2220 ³8

108 2243 175 2310 Nec
196 2268 272 2311 vero
295 2252 399 2310 terrae
416 2248 499 2310 ferre
521 2270 631 2312 omnes
653 2251 761 2313 omnia
782 2253 929 2333 possunt.
1020 2268 1070 2316 100

71 2343 250 2407 fluminibus
274 2344 386 2407 salices
408 2343 587 2427 crassisque
608 2347 780 2428 paludibus
804 2347 869 2410 alni
1022 2365 1072 2412 110

69 2445 252 2525 nascuntur,
274 2441 400 2504 steriles
423 2443 546 2504 saxosis
568 2445 734 2507 montibus
758 2445 844 2528 orni,

69 2536 159 2600 litora
181 2537 331 2620 myrtetis
353 2537 542 2620 laetissima3
564 2539 700 2623 denique
722 2546 851 2623 apertos

70 2632 206 2698 Bacchus
230 2637 317 2697 amat
338 2635 450 2717 colles,
472 2635 655 2718 aquilonem
677 2641 709 2700 et
732 2637 855 2721 frigora
877 2637 954 2702 taxi

71 2731 169 2814 aspice
191 2735 223 2794 et
246 2732 397 2794 extremis
419 2731 576 2795 domitum
599 2734 777 2798 cultoribus
801 2733 911 2798 orbem

71 2848 200 2912 eoasque
222 2829 335 2892 domos
357 2827 502 2891 Arabum
523 2829 691 2914 pictosque
713 2829 871 2896 Gelonos:
1022 2849 1071 2897 110

70 2923 183 3003 divisae
205 2925 374 2990 arboribus
396 2926 527 3008 patriae.
573 2927 643 2991 sola
664 2928 756 2992 India
777 2929 908 3013 nigrum

71 3020 125 3086 lert
146 3022 320 3107 hebenum,
343 3023 420 3086 solis
443 3027 493 3086 est
515 3027 607 3088 turea
628 3026 720 3110 virga
743 3024 881 3090 Sabaeis.

71 3117 141 3197 quid
163 3119 224 3182 tibi
247 3119 381 3182 odorato
404 3119 540 3182 referam
562 3121 710 3184 sudantia
733 3122 822 3204 ligno

72 3211 269 3299 balsamaque
291 3221 323 3279 et
345 3216 440 3279 bacas
463 3238 587 3300 semper
609 3218 787 3282 frondentis
812 3217 964 3282 acanthi?

71 3311 140 3390 quid
161 3335 293 3377 nemora
314 3311 512 3394 Aethiopum
534 3315 625 3377 molli
647 3315 793 3379 canentia
815 3315 905 3400 lana,
1024 3332 1072 3382 120

71 3407 241 3493 velleraque
263 3414 301 3474 ut
323 3410 410 3473 foliis
434 3411 601 3492 depectant
624 3412 734 3474 tenuia
758 3409 864 3495 Seres3

69 3509 119 3567 aut
141 3529 221 3590 quos
245 3505 370 3570 Oceano
392 3507 525 3589 propior
533 3508 630 3590 ,gerit
653 3507 744 3572 India
767 3507 871 3592 lucos,

117 3619 234 3671 Rmnrcx,
249 3620 335 3668 Vergil
895 3615 912 3662 4
