2514 3966
402 281 552 338 VERGILI
569 281 702 338 Anasta
720 283 759 338 IX
1008 285 1070 350 311

78 441 147 506 dum
168 443 275 508 domus
299 441 425 508 Aeneae
449 441 589 527 Capitoli
612 445 777 510 immobile
803 468 916 512 saxum
952 420 955 453 ¹

77 539 187 604 accolet
207 541 439 626 imperiumque
462 545 553 624 pater
575 540 740 607 Romanus
763 541 906 608 habebit.
938 574 969 624 .;

115 635 255 702 Victores
278 637 396 722 praeda
418 637 534 702 Rutuli
557 639 733 724 spoliisque
757 641 855 724 potiti
935 632 940 643 ’
1023 657 1074 706 4ῡο

74 733 251 800 Volcentem
274 735 456 799 exanimum
478 734 591 798 fientes
615 735 650 800 in
672 740 777 802 castra
799 736 952 803 ferebant.

73 853 126 898 nec
146 832 249 897 minor
270 832 306 896 in
329 833 442 896 castris
465 831 571 896 luctus
595 831 774 897 Rhamnete
797 837 923 917 reperto

74 929 218 1014 exsangui
242 933 275 993 et
297 929 410 1014 primis
434 951 498 994 una
520 933 571 994 tot
594 928 687 994 caede
709 929 893 1016 peremptis,

74 1023 265 1110 Serranoque
289 1024 467 1111 Numaque.
512 1027 627 1112 ingens
650 1049 822 1092 concursus
846 1029 886 1092 ad
908 1029 979 1112 ipsa

74 1145 197 1207 corpora
221 1123 450 1207 seminecisque
473 1123 560 1188 viros
583 1124 754 1211 tepidaque
776 1130 935 1192 recentem
1021 1143 1072 1192 tac

73 1221 157 1286 caede
177 1221 286 1286 locuni
308 1224 341 1284 et
363 1220 476 1304 plenos
501 1221 665 1303 spumanti
688 1223 844 1308 sanguine
866 1223 961 1289 rivos.
1009 1238 1015 1252 ·

73 1318 264 1403 adgnoscunt
288 1316 391 1402 spolia
413 1317 498 1382 inter
522 1339 556 1381 se
578 1319 765 1402 galeamque
787 1318 945 1384 nitentem

72 1417 200 1500 Messapi
223 1420 256 1480 et
278 1415 381 1480 multo
404 1415 553 1498 phaleras
577 1414 692 1478 sudore
714 1419 866 1498 receptas,

111 1513 241 1578 Etiam
262 1513 366 1597 prima
388 1533 472 1577 novo
496 1511 668 1596 spargebat
690 1511 810 1576 lumine
833 1516 934 1578 terras

73 1610 198 1675 'tithoni
220 1631 367 1674 croceum
388 1610 537 1693 linquens
560 1607 687 1673 Aurora
710 1609 827 1676 cubile:
1021 1627 1073 1678 460

73 1707 131 1772 iam
152 1707 219 1772 sole
242 1707 360 1793 infuso,
381 1707 447 1771 iam
469 1706 565 1770 rebus
588 1706 659 1770 luce
681 1706 810 1770 retectis

73 1805 191 1870 Turnus
214 1805 251 1868 in
273 1827 361 1868 arma
383 1805 480 1889 viros,
503 1803 600 1868 armis
624 1801 837 1868 circumdatus
861 1803 941 1890 ipse,

74 1903 208 1986 suscitat,
233 1905 421 1985 aeratasque
444 1901 527 1966 acies
550 1901 585 1964 in
607 1898 729 1983 proelia
751 1901 838 1984 cogit

74 1999 200 2083 quisque
224 2021 299 2064 suas
323 1999 484 2083 variisque
509 2001 627 2062 acuunt
650 1996 833 2062 rumoribus
856 1997 930 2064 iras.

74 2097 143 2179 quin
164 2097 236 2180 ipsa
259 2096 390 2160 arrectis
413 2092 500 2181 (visu
522 2091 720 2181 miserabile)
743 2094 778 2158 in
800 2094 903 2159 hastis
1020 2113 1071 2164 465

73 2193 247 2278 praefigunt
269 2193 375 2275 capita
398 2197 430 2256 et
452 2192 555 2256 multo
578 2191 716 2256 clamore
739 2196 891 2257 secuntur

72 2289 199 2373 Euryali
223 2293 255 2352 et
276 2288 359 2354 Nisi.
911 2301 922 2318 ⁸

71 2385 229 2452 Aeneadae
253 2386 324 2450 duri
346 2408 514 2450 murorum
536 2387 571 2450 in
593 2389 684 2471 parte
707 2387 838 2452 sinistra

54 2537 55 2540 ,
72 2505 242 2568 opposuere
265 2484 364 2548 aciem
387 2481 477 2570 (nam
498 2484 628 2548 dextera
650 2485 791 2569 cingitur
810 2483 911 2572 amni)

71 2581 268 2666 ingentisque
289 2585 400 2646 tenent
422 2582 526 2646 fossas
550 2586 582 2645 et
604 2582 749 2646 turribus
774 2582 848 2646 altis
1019 2600 1071 2650 470

71 2682 152 2741 stant
173 2676 301 2760 maesti3
325 2676 421 2740 simul
445 2699 500 2741 cra
522 2677 627 2741 virum
649 2678 791 2761 praefixa
813 2679 995 2766 movebant,

70 2778 141 2839 nota
163 2773 259 2836 nimis
281 2773 407 2837 miseris
431 2777 563 2857 atroque
587 2773 719 2839 fluentia
742 2775 828 2839 tabo,

108 2870 233 2936 Interea
255 2869 403 2955 pavidam
425 2869 564 2935 volitans
587 2871 722 2954 pinnata
745 2895 802 2956 per
825 2874 938 2938 urbem

69 2969 175 3032 nuntia
197 2966 296 3032 Fama
318 2968 385 3032 ruit
407 2967 583 3052 matrisque
606 2969 766 3034 adlabitur
789 2971 875 3034 auris

69 3065 205 3149 Euryali.
251 3068 284 3127 at
308 3062 435 3128 subitus
458 3065 593 3130 miserae
615 3066 702 3130 calor
725 3089 799 3130 ossa
822 3067 962 3155 reliquit,
1018 3085 1069 3136 stt

69 3163 186 3228 excussi
208 3161 357 3225 manibus
380 3161 461 3226 radii
484 3163 692 3247 revolutaque
714 3185 820 3248 pensa.

68 3260 166 3324 evolat
189 3259 302 3324 infelix
325 3263 357 3322 et
379 3259 517 3324 femineo
540 3260 676 3346 ululatu,

69 3357 160 3420 scissa
182 3377 315 3441 comam,
339 3377 446 3420 muros
471 3378 579 3420 amens
602 3362 698 3441 atque
722 3358 850 3444 agmina
873 3381 969 3424 cursu

67 3455 164 3536 prima
185 3454 279 3539 petit,
300 3474 366 3518 non
388 3453 446 3518 illa
468 3453 584 3540 virum,
606 3475 673 3518 non
695 3454 752 3520 illa
773 3455 884 3540 pericli

67 3551 262 3638 telorumque
275 3573 410 3638 memor3
434 3552 556 3617 caelum
570 3551 684 3618 dehinc
698 3554 865 3638 questibus
884 3553 1069 3640 implctrtco
