2612 3964
351 1093 390 1168 P.
418 1095 615 1168 VERGILI
652 1095 865 1168 MARONIS

313 1269 353 1352 A
399 1270 436 1351 Ε
480 1269 524 1351 N
568 1269 604 1350 E
649 1269 672 1351 Ι
716 1270 755 1352 D
803 1269 838 1352 Ο
886 1269 944 1352 S'

419 1443 551 1508 amna
575 1441 804 1509 secururs

144 1585 339 1650 Conticuere
364 1607 473 1650 omnes
496 1585 677 1669 intentique
700 1608 756 1650 ora
778 1587 939 1651 tenebant.

95 1685 178 1750 inde
201 1687 273 1746 toro
296 1687 388 1766 pater
410 1681 534 1746 Aeneas
559 1679 606 1746 sic
628 1704 720 1747 orsus
744 1684 784 1748 ab
809 1685 888 1748 alto:

97 1781 295 1865 infandum,
318 1781 444 1866 regina,
466 1779 556 1861 intes
579 1801 733 1844 renovare
756 1781 906 1846 dolorem.

95 1881 259 1945 Troianas
282 1882 319 1942 ut
344 1899 421 1973 ones
444 1880 476 1940 et
499 1877 705 1942 lamentabile
727 1899 862 1962 regnum

96 1977 244 2044 eruerint
267 1974 386 2061 Danai,
410 1995 554 2058 quaeque
576 1974 644 2056 ipse
667 1974 846 2038 miserrima
869 1975 935 2038 vidi
1098 1992 1118 2060 o

96 2081 135 2141 et
154 2095 293 2159 quorum
315 2094 390 2156 pars
414 2091 531 2154 magna
553 2071 615 2156 fui,
638 2071 711 2153 quis
735 2072 813 2134 talia
836 2072 931 2135 fando

97 2171 343 2256 Myrmidonum
365 2167 566 2250 Dolopumve
590 2171 645 2231 aut
668 2168 739 2231 duri
762 2169 853 2232 miles
877 2167 967 2232 Ulixi

96 2271 259 2352 temperet
283 2291 301 2331 a
324 2265 486 2330 lacrimis?
509 2268 542 2328 et
564 2264 629 2327 iam
651 2286 716 2328 nox
739 2265 848 2328 umida
871 2265 957 2328 caelo

96 2365 294 2453 praecipitat
318 2364 515 2446 suadentque
538 2361 682 2448 cadentia
706 2362 809 2426 sidera
833 2384 970 2426 somnos
1028 2355 1031 2359 ’
1146 2345 1152 2420 l

98 2466 160 2530 sed
185 2464 212 2526 si
235 2465 348 2526 tantus
372 2481 461 2524 amor
485 2481 576 2523 casus
600 2447 791 2543 cognoscere
813 2465 943 2524 nostros
983 2461 984 2464 ’
1082 2477 1113 2523 10

96 2567 133 2626 et
157 2559 299 2624 breviter
322 2557 437 2620 Troiae
461 2577 645 2640 supremum
668 2557 777 2620 audire
799 2557 957 2642 laborem,
1281 2579 1297 2706 s

96 2678 298 2743 quamquam
322 2655 446 2718 animus
469 2653 653 2718 meminisse
676 2653 786 2718 horret
810 2655 962 2737 luctuque
985 2653 1115 2739 refugit,

96 2755 262 2838 incipiam.

316 2847 424 2914 Fracti
447 2847 532 2912 bello
555 2847 695 2930 fatisque
718 2848 839 2931 repulsi

96 2950 251 3013 ductores
275 2944 437 3031 Danaum,
459 2949 510 3010 tot
533 2945 598 3008 iam
620 2945 804 3009 labentibus
828 2946 934 3030 annis,

97 3047 206 3110 instar
229 3043 350 3108 montis
374 3065 463 3107 ecum
486 3042 593 3108 divina
616 3041 756 3106 Palladis
780 3045 848 3106 arte
962 3039 963 3042 '
1025 3079 1027 3084 ·
1083 3063 1114 3108 lu
1226 3087 1228 3091 ,

97 3143 272 3208 aedificant
297 3143 445 3224 sectaque
468 3140 618 3202 intexunt
642 3139 746 3202 abiete
769 3142 888 3202 costas:

98 3243 216 3304 votum
237 3259 296 3320 pro
321 3237 426 3302 reditu
449 3236 616 3322 simulant,
638 3258 675 3300 ca
697 3237 782 3298 fama
805 3240 948 3320 vagatur.
1057 3296 1061 3306 ,

95 3337 166 3400 huc
189 3334 310 3397 delecta
332 3333 435 3396 virum
461 3332 569 3397 sortiti
592 3354 726 3416 corpora
748 3333 861 3396 furtim

96 3431 271 3496 includunt
294 3451 386 3494 caeco
409 3430 503 3494 lateri
526 3431 718 3514 penitusque
742 3452 891 3494 cavernas

55 3598 64 3614 ,
95 3528 244 3614 ingentis
268 3532 459 3612 uterumque
482 3532 605 3592 annoto
628 3528 730 3592 milite
754 3529 922 3611 complent.
1081 3545 1114 3594 ao
