2574 3964
348 266 499 322 VERGILI
518 267 729 324 GEORGIOON
747 268 800 322 llll
955 227 958 234 v
1035 265 1078 330 89

63 430 224 495 deformat
246 430 378 515 macies3
401 433 472 494 tum
494 451 628 513 corpora
650 429 721 494 luce
744 433 909 496 carentum
1027 443 1078 492 rso

64 531 238 611 exportant
261 526 357 590 tectis
380 531 412 592 et
435 527 544 591 tristia
566 527 679 592 funera
702 528 835 612 ducunt3

64 629 121 688 aut
143 625 220 688 illae
242 623 379 708 pedibus
402 644 540 688 conexae
563 622 602 686 ad
624 623 735 688 limina
758 624 911 708 pendent,
1009 681 1011 686 ,

64 726 120 785 aut
143 721 235 785 intus
259 720 376 785 eleusis
399 722 591 785 cunctantur
612 719 648 783 in
671 720 817 806 aedibus,
840 741 949 784 omnes

63 819 264 904 ignavaeque
286 818 369 882 fame
393 821 425 882 et
448 821 612 882 contracto
634 817 755 901 frigore
779 817 905 903 pigrae3

64 921 136 980 tum
159 937 259 980 sonus
283 915 412 978 auditur
435 914 577 1000 gravior,
599 915 792 998 tractimque
815 916 999 998 susurrant,
1026 929 1078 977 260

64 1011 203 1096 frigidus
226 1015 265 1076 nt
288 1011 449 1096 quondam
472 1011 561 1075 silvis
584 1011 799 1076 inmurmurat
822 1014 943 1096 auster,

64 1113 101 1173 ut
123 1130 214 1172 mare
237 1109 412 1173 sollicitum
435 1107 545 1172 stridit
567 1107 777 1172 refluentibus
800 1108 909 1192 undis,

65 1209 193 1270 aestuat
216 1209 255 1270 ut
277 1205 394 1268 clausis
417 1204 547 1287 rapidus
570 1204 755 1269 fornacibus
777 1205 863 1290 ignis
892 1241 928 1250 —·

63 1303 117 1367 hic
140 1302 207 1366 iam
230 1302 405 1386 galbaneos
429 1300 568 1365 suadebo
590 1301 756 1366 incendere
779 1302 891 1366 odores

63 1399 226 1482 mellaque
248 1397 455 1463 harundineis
478 1398 597 1463 inferre
620 1398 798 1483 canalibus,
820 1398 907 1462 ultro
1026 1413 1078 1462 acc

62 1497 252 1561 hortantem
274 1499 307 1559 et
329 1496 430 1559 fessas
454 1495 493 1558 ad
515 1494 634 1578 pabula
655 1499 734 1559 nota
756 1498 931 1558 vocantem.

63 1593 211 1679 proderit
233 1596 265 1656 et
289 1596 422 1656 tunsum
444 1593 548 1677 gallae
571 1591 742 1680 admiscere
766 1611 913 1673 saporem

65 1690 253 1774 arentisque
275 1711 367 1755 rosas
391 1694 447 1754 aut
469 1689 539 1774 igni
561 1689 695 1773 pinguia
716 1688 821 1752 multo

65 1789 194 1852 defruta
216 1787 269 1852 vel
290 1785 413 1870 psithia
435 1807 548 1869 passos
572 1787 698 1850 devite
721 1806 863 1849 racemos

66 1884 321 1968 Cecropiumque
339 1884 488 1967 thymum
507 1886 539 1947 et
558 1904 655 1968 grave
674 1883 793 1946 olentia
812 1885 988 1946 centaurea.
1026 1897 1077 1946 270

65 1986 114 2046 est
139 1981 239 2045 etiam
261 1979 322 2044 flos
344 1979 381 2043 in
401 1979 519 2064 pratis,
541 1981 593 2044 cui
615 2002 733 2044 nomen
756 1979 869 2044 amello

65 2081 167 2144 fecere
191 2077 364 2163 agricolae,
386 2077 491 2141 facilis
515 2076 743 2161 quaerentibus
765 2074 879 2158 herba3
988 2154 990 2159 .

65 2196 205 2260 namque
227 2196 292 2238 uno
315 2173 481 2259 ingentem
503 2175 591 2238 tollit
614 2174 652 2238 de
675 2173 814 2256 caespite
838 2173 965 2258 silvam,

67 2293 182 2338 aureus
205 2271 289 2356 ipse,
313 2270 368 2334 sed
390 2271 425 2334 in
447 2270 550 2355 foliis,
574 2293 654 2354 quae
677 2271 816 2354 plurima
840 2270 959 2334 circum
1022 2295 1024 2299 ’

66 2370 258 2452 funduntur,
280 2367 383 2431 violae
408 2366 554 2432 sublucet
576 2389 719 2451 purpura
741 2368 865 2452 nigrae3
1027 2384 1077 2432 275

69 2469 175 2552 [saepe
199 2465 294 2528 deum
315 2465 407 2528 nexis
431 2469 562 2529 ornatae
585 2465 756 2549 torquibus
780 2463 880 2548 arae3]

69 2586 158 2649 asper
182 2562 219 2630 in
242 2583 296 2626 ore
320 2583 428 2646 sapor3
451 2561 555 2626 tonsis
578 2561 617 2624 in
636 2561 775 2626 uallibus
798 2561 891 2624 illum

68 2665 213 2744 pastores
237 2661 270 2722 et
292 2679 389 2722 curva
411 2659 524 2744 legunt
546 2679 645 2741 prope
668 2657 801 2720 flumina
825 2655 946 2720 Mellae.

67 2757 161 2824 huius
187 2755 321 2820 odorato
343 2755 466 2819 radices
489 2755 624 2838 incoque
648 2752 768 2818 baccho

67 2853 248 2937 pabulaque
271 2851 307 2914 in
329 2851 454 2915 foribus
477 2851 581 2934 plenis
605 2851 728 2933 adpone
750 2851 908 2914 canistris.
1026 2867 1079 2916 280

108 2949 172 3015 Sed
196 2949 322 3029 siquem
344 2948 450 3031 proles
474 2947 582 3012 subito
607 2947 756 3011 defecerit
780 2948 898 3032 omnis,

66 3068 134 3135 nec,
158 3067 262 3132 genus
286 3045 369 3109 unde
391 3066 494 3108 novae
518 3045 629 3128 stirpis
652 3047 833 3129 revocetur,
855 3043 1004 3130 habebit,

66 3150 193 3230 tempus
217 3147 250 3207 et
273 3142 403 3207 Arcadii
425 3142 629 3206 memoranda
651 3141 782 3205 inventa
804 3141 952 3226 magistri

66 3243 218 3326 pandere,
241 3240 487 3324 quoquomodo
511 3239 610 3304 caesis
633 3239 698 3302 iam
721 3259 815 3321 saepe
837 3238 979 3302 iuvencis

66 3339 244 3404 insincerus
269 3359 344 3420 apes
367 3336 480 3400 tulerit
503 3357 604 3400 cruor.
651 3335 749 3398 altius
769 3356 894 3399 omnem
1027 3350 1079 3398 285

67 3435 232 3519 expediam
253 3433 358 3516 prima
380 3436 528 3516 repetens
552 3433 592 3496 ab
617 3432 740 3517 origine
762 3432 888 3496 famam.
924 3467 926 3470 ·

66 3555 138 3598 nam
162 3553 227 3616 qua
248 3529 369 3595 Pellaei
392 3550 470 3614 gens
493 3531 659 3594 fortunata
682 3526 806 3612 Canopi
