2514 3966
191 257 257 320 324
518 259 666 314 VERGILI
684 262 817 317 AENEIS
835 263 860 316 X

191 418 297 482 Marte
320 420 415 483 ruat?
439 442 505 484 non
528 421 635 484 clausa
657 425 771 506 tegunt
794 425 858 492 iam
881 407 1006 490 moenia
1029 427 1179 491 Teucros:

191 517 272 598 quin
294 517 379 580 intra
402 521 512 600 portas
536 521 632 601 atque
655 519 734 602 ipsis
758 521 879 602 proelia
901 522 1040 586 miscent

192 613 364 698 aggeribus
388 636 571 677 moerorum
593 618 626 678 et
648 615 805 678 inundant
829 617 984 702 sanguine
1007 618 1120 682 fossas

189 708 315 774 Aeneas
339 711 471 795 ignarus
496 711 594 775 abest.
641 733 857 795 numquamne
879 714 1006 778 levari·
1165 731 1195 778 25

191 807 358 872 obsidione
382 808 489 872 sines?
512 809 612 872 muris
636 808 753 872 iterum
776 809 922 873 imminet
944 809 1050 874 hostis

189 905 351 968 nascentis
375 905 489 968 Troiae
514 905 673 988 [necnon
696 905 854 970 exereitus
878 906 986 990 alter3]

192 1007 289 1085 atque
312 1004 431 1067 iterum
452 1003 487 1066 in
510 1003 650 1067 Teucros
673 1001 799 1066 Aetolis
823 1005 928 1087 surgit
951 1003 990 1066 ab
1014 1002 1112 1087 Arpis

191 1097 338 1180 Tydides,
380 1101 526 1184 equidem
550 1099 652 1184 eredo,
675 1121 745 1162 mea
767 1099 899 1164 volnera
921 1104 1046 1164 restant

191 1199 223 1258 et
246 1199 303 1259 tua
325 1197 494 1282 progenies
517 1196 667 1260 mortalia
690 1196 837 1260 demoror
860 1220 955 1262 arma.
1162 1217 1191 1262 30

191 1293 220 1354 si
244 1292 312 1356 sine
334 1316 411 1376 paee
434 1298 490 1357 tua
514 1298 610 1376 atque
633 1292 735 1357 invito
758 1294 889 1357 numine
913 1295 1010 1358 Troes

190 1387 319 1453 ltaliam
342 1390 471 1475 petiere,
494 1390 586 1452 luant
608 1393 738 1472 peecata
760 1412 863 1474 neque
886 1391 960 1455 illos

192 1486 311 1550 iuveris
336 1487 469 1570 auxili03
493 1486 544 1550 sin
566 1489 616 1549 tot
638 1508 792 1568 responsa
816 1489 926 1574 secuti,

192 1605 274 1666 quae
298 1584 406 1667 superi
428 1605 600 1666 manesque
623 1583 755 1646 dabant:
778 1605 835 1647 our
852 1607 937 1649 nune
954 1589 1012 1649 tua
1031 1587 1188 1670 quisquam

191 1683 315 1744 vertere
337 1681 426 1745 iussa
447 1684 556 1764 potest
579 1684 634 1743 aut
657 1703 712 1744 eur
734 1703 818 1744 nova
841 1683 974 1746 condere
996 1684 1084 1748 sata?
1159 1700 1188 1747 35

193 1776 270 1859 quid
292 1781 434 1860 repetam
457 1780 585 1840 exustas
608 1777 749 1860 Erycino
772 1778 922 1843 inlitora
946 1781 1074 1866 classes,

193 1873 271 1956 quid
293 1877 522 1957 tempestatum
544 1879 652 1958 regem
674 1879 851 1958 ventosque
872 1876 1009 1940 furentis

192 1969 306 2034 Aeolia
329 1971 449 2034 excitos
473 1974 529 2034 aut
552 1975 655 2034 aotam
677 1971 817 2036 nubibus
843 1973 943 2037 Irim?

192 2089 277 2130 116116
300 2068 396 2130 etiam
412 2068 522 2130 'manis
546 2065 638 2154 (haee
660 2068 852 2152 intemptata
873 2071 1023 2135 manebat

194 2186 263 2227 sors
287 2161 408 2250 rerum)
431 2167 539 2227 movet
562 2167 594 2226 et
618 2165 742 2246 superis
765 2167 909 2231 immissa
931 2173 1062 2251 repente
1156 2185 1185 2232 1ο

192 2260 330 2346 Alleot0,
351 2261 471 2325 medias
494 2260 613 2324 Italum
636 2261 788 2326 bacchata
810 2286 867 2346 per
889 2265 994 2328 urbes.

192 2357 240 2420 nil
263 2379 358 2440 super
381 2357 515 2440 imperio
539 2379 683 2422 moveor:
708 2361 905 2442 speravimus
928 2362 1001 2447 ista,

193 2456 269 2518 dum
292 2455 422 2517 fortuna
444 2454 519 2538 fuit3
543 2454 671 2517 vincant
695 2476 775 2538 quos
801 2457 924 2521 vincere
946 2459 1056 2522 mavis.

194 2553 221 2615 si
244 2552 333 2614 nulla
357 2555 405 2614 est
428 2551 526 2636 regi0,
550 2551 680 2614 Teneris
705 2574 800 2634 quam
823 2555 876 2617 det
898 2559 954 2618 tua
972 2556 1107 2619 coniunx

193 2649 281 2734 dura,
304 2671 361 2732 per
384 2670 521 2732 eversae,
544 2649 680 2733 genitor,
703 2649 860 2714 fumantia
882 2651 996 2716 Troiae
1156 2666 1183 2713 45

192 2745 313 2808 excidia
337 2745 491 2830 obtestor,
513 2745 607 2808 liceat
631 2744 790 2810 dimittere
814 2749 853 2811 ab
877 2749 973 2812 armis

192 2841 385 2905 incolumem
407 2841 590 2926 Ascanium,
612 2842 706 2906 liceat
730 2866 894 2927 superesse
917 2849 1072 2929 nepotem.

192 2938 318 3002 Aeneas
343 2960 417 3002 sane
440 2939 561 3023 ignotis
584 2940 719 3002 iactetur
742 2940 776 3003 in
799 2942 892 3005 undis

194 3040 226 3100 et
250 3057 449 3119 quacumque
472 3037 557 3099 viam
580 3036 700 3100 dederit
723 3035 865 3100 Fortuna
889 3041 1054 3122 sequatur:

192 3132 278 3195 huno
301 3137 408 3216 tegere
432 3136 463 3196 at
486 3133 572 3196 dirae
594 3133 716 3196 valeam
740 3133 913 3198 subducere
940 3155 1074 3218 pugnae.
1155 3146 1181 3194 50

194 3233 244 3291 est
267 3227 436 3312 Amathus,
459 3233 508 3292 est
532 3229 615 3292 celsa
637 3229 716 3292 mihi
739 3228 868 3313 Paphus
892 3234 988 3313 atque
1013 3227 1143 3315 Cythera

193 3323 374 3405 Idaliaeque
398 3324 523 3389 domus:
546 3326 661 3408 positis
684 3326 841 3409 inglorius
864 3328 961 3390 annis

195 3421 303 3504 exigat
324 3420 377 3482 hie
400 3442 517 3485 aevom.
564 3443 680 3506 magna
703 3423 825 3485 dicione
848 3423 958 3486 iubeto

194 3515 362 3598 Karthago
385 3522 508 3598 premat
532 3517 722 3583 Ausoniam:
746 3518 828 3582 nihil
850 3519 985 3583 urbibus
1008 3519 1079 3584 inde
