2556 3966
539 249 664 306 CULEX.
1046 251 1108 312 411

106 414 211 474 sancte
233 433 322 497 puer,
344 411 406 474 tibi
429 433 566 494 namque
588 412 674 474 canit
697 433 762 475 non
784 412 901 496 pagina
924 412 1043 475 bellum

106 509 196 570 triste
218 505 304 571 loris
327 507 483 591 ponitque
528 557 963 572 .........

105 603 248 689 Phlegra,
272 603 430 689 Giganteo
454 626 565 688 sparsa
588 609 637 668 est
661 627 741 688 quae
765 606 921 688 sanguine
944 605 1050 689 tellus,

103 723 158 765 nec
182 700 379 765 Centaureos
403 701 557 784 Lapithas
580 702 744 784 compellit
767 702 801 766 in
825 725 929 787 enses;

102 797 167 861 urit
189 797 420 862 Erichthonias
444 796 557 862 Oriens
580 820 646 862 non
668 799 799 882 ignibus
823 821 920 883 arces,
1078 817 1112 863 30

35 921 36 924 ¹
100 916 166 957 non
188 895 354 978 perfossus
377 894 482 958 Athos
505 915 563 958 nec
585 915 702 979 magno
726 896 852 960 vincula
876 901 976 980 ponto

33 1009 34 1016 ¹
103 992 184 1055 iacta
207 1014 277 1055 meo
302 995 456 1074 quaerent
479 993 543 1054 iam
568 1015 637 1057 sera
661 993 822 1057 volumine
845 994 978 1078 famam,

100 1111 165 1152 non
188 1087 418 1172 Hellespontus
442 1088 577 1170 pedibus
601 1089 748 1171 pulsatus
772 1111 937 1174 equorum,

102 1185 233 1250 Graecia
256 1208 328 1249 cum
351 1185 460 1248 timuit
486 1185 642 1248 venientis
666 1185 805 1268 undique
827 1184 956 1249 Persas:

100 1283 210 1346 mollia
234 1283 289 1346 sed
311 1283 401 1344 tenui
423 1282 502 1365 pede
526 1304 651 1346 currere
675 1283 823 1365 carmina,
846 1305 940 1346 versu

98 1379 223 1443 viribus
247 1382 323 1461 apta
347 1379 412 1440 suis
437 1377 567 1442 Phoebo
590 1378 668 1442 duce
691 1379 800 1443 ludere
824 1379 949 1463 gaudet.

96 1477 159 1540 hoc
183 1475 254 1560 tibi,
277 1478 385 1538 sancte
408 1495 500 1557 puer3
524 1475 741 1539 memorabilis
767 1480 798 1539 91
821 1477 883 1539 tibi
907 1481 1008 1542 certet

96 1573 203 1658 gloria
226 1576 417 1655 perpetuum
439 1572 557 1654 lucens,
580 1593 731 1635 mansura
754 1595 810 1655 per
834 1596 961 1658 aevum3

98 1675 130 1734 et
152 1670 217 1734 tibi
241 1669 313 1732 sede
336 1669 389 1751 pia
411 1673 539 1732 maneat
562 1669 662 1754 locus,
684 1675 716 1732 91
741 1671 802 1733 tibi
827 1693 937 1754 sospes

94 1767 207 1830 debita
230 1765 332 1828 felicis
356 1769 550 1828 memoretur
574 1767 641 1829 vita
665 1789 721 1850 per
744 1789 854 1851 annos,

95 1868 192 1947 grata
214 1863 309 1926 bonis
332 1862 447 1925 lucens.
494 1863 547 1924 sed
572 1885 631 1926 nos
656 1864 695 1926 ad
718 1869 830 1947 coepta
854 1866 1001 1930 feramur.

140 1961 261 2044 Igneus
285 1943 442 2022 aetherias
466 1959 530 2022 iam
553 1961 602 2023 sol
626 1961 813 2043 penetrabat
837 1963 871 2024 in
895 1984 982 2027 arces

93 2058 293 2140 candidaque
317 2059 429 2119 aurato
454 2055 620 2138 quatiebat
643 2057 765 2120 lumina
788 2079 892 2142 curru,

92 2154 241 2219 crinibus
265 2157 297 2216 et
320 2153 421 2216 roseis
445 2152 594 2216 tenebras
620 2153 745 2216 Aurora
768 2154 908 2237 fugarat:

93 2252 241 2336 propulit
265 2271 282 2313 e
305 2249 442 2312 stabulis
466 2249 505 2312 ad
529 2250 649 2332 pabula
671 2255 748 2314 nota
772 2251 908 2333 capellas

94 2355 209 2433 pastor
231 2350 263 2410 91
287 2347 402 2410 excelsi
424 2347 545 2410 montis
569 2348 645 2432 iuga
669 2369 793 2410 summa
815 2349 940 2434 petivit,

92 2446 202 2510 lucida
225 2467 289 2527 qua
311 2443 440 2527 patulos
463 2444 615 2508 velabant
638 2446 784 2528 gramina
808 2445 913 2508 colles.

91 2546 160 2608 iam
185 2543 275 2606 silvis
298 2541 466 2622 dumisque
489 2562 597 2625 vagae,
619 2543 684 2606 iam
706 2543 844 2605 vallibus
867 2542 989 2606 abdunt

91 2661 242 2722 corpora,
264 2639 390 2721 iamque
414 2639 500 2701 omni
525 2639 641 2703 celeres
665 2662 681 2702 e
701 2643 790 2722 parte
813 2643 966 2722 vagantes

93 2737 273 2802 tondebant
295 2740 405 2798 tenero
428 2735 599 2799 viridantia
622 2737 767 2820 gramina
790 2757 911 2798 morsu.

93 2855 230 2917 scrupea
253 2833 394 2896 desertas
417 2832 591 2896 haerebant
616 2834 655 2896 ad
678 2854 754 2895 cava
776 2855 881 2916 rupeS,

92 2931 234 3016 pendula
256 2929 407 3014 proiectis
431 2934 606 3011 carpuntur
629 2934 661 2994 et
685 2930 799 2992 arbuta
821 2930 919 2992 ramis

91 3031 256 3112 densaque
278 3027 428 3111 virgultis
453 3027 542 3089 avide
565 3027 714 3090 labrusca
737 3030 901 3109 petuntur.

91 3125 172 3188 haec
196 3146 350 3209 suspensa
368 3124 454 3206 rapit
477 3127 627 3205 carpente
650 3124 812 3186 cacumina
835 3144 945 3186 morsu

91 3222 145 3285 vel
168 3221 274 3284 salicis
297 3222 401 3285 lentae
424 3221 475 3283 vel
498 3243 579 3302 quae
601 3243 684 3283 nova
707 3220 850 3283 nascitur
874 3220 983 3305 alnus,

90 3318 171 3380 haec
194 3321 320 3380 teneras
343 3317 496 3379 fruticum
520 3321 626 3379 sentes
651 3316 796 3399 rimatur,
820 3319 853 3378 at
877 3316 934 3378 illa

91 3414 239 3478 imminet
263 3415 298 3476 in
319 3414 390 3496 rivi,
413 3415 607 3496 praestantis
632 3415 791 3498 imaginis
815 3415 940 3477 undam.

90 3511 214 3576 talibus
238 3511 273 3573 in
296 3510 411 3573 studiis
436 3509 549 3573 baculo
574 3511 648 3573 dum
672 3512 767 3573 nixus
792 3512 913 3592 apricas
961 3546 963 3552 ν
