2552 3958
197 415 261 479 heu
282 414 358 479 heul
383 415 459 498 quid
481 414 569 478 volui
591 413 708 478 misero
732 413 834 476 mihi?
858 413 992 477 floribus
1016 417 1167 478 austrum
1261 446 1262 522 y

198 511 343 596 perditus
367 515 399 574 et
421 511 552 594 liquidis
576 510 685 574 inmisi
707 510 853 574 fontibus
877 531 980 593 apros.
1261 529 1262 542 ¹

198 254 219 318 6
517 250 665 306 VERGILI
682 250 825 306 ECLOGA
843 251 882 304 ΙΙΙ

200 687 300 763 Quem
312 687 413 772 fugis,
432 711 463 772 a,
483 687 632 750 demens?
652 686 840 750 habitarunt
855 686 887 750 di
902 708 1029 770 quoque
1044 687 1145 750 silvas
1176 705 1209 753 60

164 790 170 872 1
198 783 442 867 Dardaniusque
464 783 564 847 Paris.
611 781 717 848 Pallas
742 805 821 866 quas
844 782 985 848 condidit
1009 806 1097 847 arces

91 859 168 972 Ἣ
198 883 270 966 ipsa
292 882 389 945 colat:
411 881 505 945 nobis
529 881 675 964 placeant
698 884 772 943 ante
795 879 901 943 omnia
925 880 1031 944 silvae.

199 1008 292 1070 torva
313 1006 423 1069 leaena
445 1004 558 1088 lupum
581 1004 739 1088 sequitur,
761 1003 857 1086 lupus
880 1003 949 1086 ipse
973 1005 1130 1087 capellam

199 1103 367 1166 florentem
390 1103 528 1185 cytisum
551 1101 696 1184 sequitur
718 1101 837 1164 lasciva
860 1102 995 1187 capella,

199 1204 232 1264 te
256 1198 418 1284 Corydon,
441 1221 459 1263 o
478 1197 585 1262 Alexi:
609 1197 709 1261 trahit
733 1218 790 1261 sua
810 1219 967 1281 quemque
985 1199 1147 1282 voluptas.
1177 1216 1210 1264 oa

1135 1058 1144 1092 '
1263 1058 1264 1134 l

201 1375 330 1462 Aspice,
353 1380 459 1439 aratra
481 1376 557 1459 iugo
581 1375 723 1439 referunt
747 1395 901 1458 suspensa
924 1375 1063 1460 iuvenci,

202 1476 233 1536 et
256 1473 305 1536 sol
328 1471 498 1536 crescentis
521 1470 671 1535 decedens
695 1471 836 1555 duplicat
859 1472 998 1536 umbras.

200 1590 251 1631 me
273 1572 381 1632 tamen
398 1568 464 1632 urit
483 1589 585 1630 amor:
609 1568 681 1649 quis
701 1569 786 1632 enim
803 1569 916 1633 modus
936 1569 1019 1632 adsit
1039 1570 1166 1633 amori?

201 1689 220 1729 a
244 1663 394 1748 Corydon
416 1664 579 1750 Corydon,
602 1685 683 1747 quae
705 1669 738 1728 te
761 1666 919 1730 dementia
942 1667 1039 1749 cepit!

202 1789 394 1872 semiputata
417 1789 479 1852 tibi
501 1788 652 1852 frondosa
674 1789 751 1852 vitis
774 1790 810 1853 in
831 1790 919 1853 ulmo
943 1793 1000 1854 est.
1179 1809 1211 1854 ro
1265 1811 1266 1822 ¹

202 1886 281 1969 quin
302 1889 339 1949 tu
362 1885 484 1969 aliquid
507 1885 621 1948 saltem
642 1886 768 1973 potius,
791 1908 928 1970 quorum
950 1887 1075 1971 indiget
1099 1909 1191 1974 usuc,

201 1983 375 2052 viminibus
398 1983 551 2066 mollique
573 2005 667 2066 paras
691 1984 835 2048 detexere
858 1983 975 2047 iunco?

201 2081 342 2145 invenies
366 2081 478 2166 alium,
501 2080 583 2142 site
606 2079 658 2143 hic
681 2079 820 2164 fastidit,
843 2079 977 2144 Alexim.

670 2443 740 2525 Ill

367 2617 559 2665 MENALCAS.
605 2617 803 2664 DAMOETAS.
849 2616 1049 2665 PALAEMON.

202 2745 251 2811 M.
278 2743 339 2808 Dic
361 2743 454 2828 mihi,
476 2741 647 2827 Damoeta,
671 2742 778 2805 cuium
800 2741 917 2825 pecus?
941 2763 983 2804 an
1005 2741 1181 2808 Meliboei?

202 2843 243 2908 1).
280 2839 368 2924 Non,
390 2863 500 2904 verum
520 2839 679 2924 Aegonis3
702 2860 804 2921 nuper
827 2837 907 2901 mihi
930 2839 1064 2902 tradidit
1088 2839 1205 2925 Aegon

202 2940 251 3005 M.
278 2937 395 3001 infelix
419 2959 437 3000 o
462 2959 586 3020 semper
610 2937 678 3000 ovis
701 2937 810 3019 pecus!
834 2936 902 3017 ipse
925 2933 1083 3000 Neaeram

201 3038 277 3100 dum
299 3036 387 3098 fovet
410 3056 446 3098 ac
467 3056 508 3097 ne
530 3056 580 3098 me
605 3033 667 3096 sibi
690 3034 849 3115 praeferat
872 3033 928 3096 illa
951 3037 1094 3119 veretur,

200 3133 253 3198 hic
277 3132 397 3195 alienus
422 3131 490 3194 ovis
515 3135 622 3194 custos
648 3130 698 3192 bis
722 3129 845 3214 mulget
868 3129 903 3192 in
924 3130 1016 3214 hora,
1197 3150 1214 3196 o

201 3235 233 3295 et
258 3250 351 3293 sucus
375 3228 482 3311 pecori
506 3233 537 3291 et
560 3229 609 3291 lac
635 3227 822 3290 subducitur
846 3219 946 3310 agnis

201 3327 243 3392 D.
270 3325 401 3389 Parcius
425 3325 488 3388 ista
511 3325 589 3389 viris
613 3329 718 3387 tamen
744 3323 908 3386 obicienda
931 3328 1099 3388 memento.

201 3423 349 3487 novimus
373 3426 405 3484 et
429 3423 484 3504 qui
507 3427 539 3485 te
558 3425 740 3484 transversa
763 3419 931 3483 tuentibus
954 3420 1094 3507 hirquis,

201 3523 234 3583 et
258 3541 321 3602 quo
346 3555 387 3563 —
412 3521 460 3580 set
484 3517 592 3580 faciles
615 3516 774 3600 nymphae
797 3517 896 3580 risere
921 3555 962 3562 —
987 3517 1111 3582 sacello.
