2514 3966
201 237 266 301 352
520 237 667 293 VERGILI
684 237 816 292 AENEIS
834 237 873 290 XI

201 400 396 485 mandemus,
419 399 475 483 qui
499 399 586 463 solus
608 399 712 464 honos
735 396 917 463 Acheronte
940 397 1000 461 sub
1023 396 1133 461 imost.

201 496 258 559 ite'
282 497 337 581 ait,
360 495 515 580 ‘egregias
540 497 671 581 animas,
694 517 775 579 quae
798 495 953 580 sanguine
975 494 1071 558 nobis

200 592 284 656 hanc
306 593 443 676 patriam
465 614 614 676 peperere
638 613 706 678 suo,
728 593 874 656 decorate
897 591 1056 675 supremis
1178 608 1208 655 25

201 690 397 774 muneribus,
419 694 637 773 maestamque
659 689 804 753 Euandri
826 689 949 773 primus
972 689 1012 752 ad
1035 688 1151 753 urbem

201 787 351 849 mittatur
373 785 489 870 Pallas,
512 808 606 869 quem
628 807 694 858 non
716 786 847 850 virtutis
871 789 1016 870 egentem

203 883 338 946 abstulit
361 886 431 946 atra
454 882 520 946 dies
544 887 576 946 et
599 883 709 946 funere
731 884 843 947 mersit
866 883 1000 948 acerbo?

248 977 299 1044 Sic
323 980 368 1044 ait
391 979 594 1043 inlacrimans
617 979 794 1063 recipitque
818 980 857 1044 ad
878 979 991 1044 limina
1015 998 1173 1063 gressum,
1248 997 1249 1016 ¹

202 1099 318 1161 corpus
342 1076 398 1141 ubi
421 1077 558 1140 exanimi
581 1077 724 1160 positum
746 1075 903 1140 Pallantis
925 1074 1063 1141 Acoetes
1177 1092 1207 1140 30

204 1175 351 1238 servabat
374 1173 490 1258 senior,
513 1173 568 1256 qui
590 1171 761 1236 Parrhasio
784 1173 936 1238 Euandro

203 1271 341 1356 armiger
364 1273 437 1333 ante
459 1269 531 1354 fuit,
555 1269 609 1332 sed
631 1290 698 1332 non
720 1268 865 1334 felicibus
889 1291 988 1354 aeque

203 1373 273 1432 tum
296 1389 400 1431 comes
424 1366 573 1449 auspiciis
597 1387 670 1429 caro
693 1366 787 1430 datus
810 1367 879 1431 ibat
902 1369 1041 1432 alumno.

203 1466 321 1529 circum
345 1463 450 1527 omnis
473 1462 691 1546 famulumque
714 1485 827 1528 manus
851 1464 1053 1548 Troianaque
1075 1464 1172 1529 turba

204 1566 236 1626 et
258 1565 415 1626 maestum
438 1559 553 1624 Iliades
577 1561 696 1623 crinem
718 1559 756 1623 de
779 1581 867 1624 more
891 1561 1022 1626 solutae.
1176 1577 1206 1626 ss

203 1663 240 1723 ut
263 1681 338 1722 vero
361 1656 484 1721 Aeneas
507 1656 632 1720 foribus
657 1678 725 1720 sese
747 1657 859 1720 intulit
882 1657 966 1743 altis,

161 1735 165 1761 ⁸
204 1757 367 1840 ingentem
390 1753 545 1839 gemitum
567 1753 672 1817 tunsis
696 1753 734 1816 ad
759 1754 861 1818 sidera
883 1754 1004 1820 tollunt

204 1852 397 1938 pectoribus,
419 1854 605 1934 maestoque
627 1851 766 1936 inmugit
788 1852 877 1936 regia
899 1851 995 1916 luctu.

204 1950 273 2033 ipse
296 1951 391 2032 caput
413 1947 498 2011 nivei
521 1947 640 2010 fultum
662 1946 819 2011 Pallantis
843 1951 875 2012 et
898 1970 953 2012 ora
1037 1975 1038 1980 ¹

204 2051 241 2110 ut
264 2045 344 2109 vidit
366 2045 492 2128 levique
514 2048 627 2128 patens
650 2045 685 2107 in
702 2049 829 2128 pectore
847 2045 961 2109 volnus
1175 2066 1204 2112 so
1251 2099 1252 2118 ,

205 2143 344 2226 cuspidis
368 2141 540 2226 Ausoniae,
562 2140 703 2205 lacrimis
727 2142 774 2205 ita
796 2143 882 2206 fatur
906 2142 1039 2208 obortis.
1251 2135 1252 2150 ¹

205 2241 283 2305 ‘ten'
306 2239 421 2324 inquit,
444 2238 632 2301 ‘miserande
655 2261 742 2324 puer,
765 2259 836 2301 cum
858 2239 942 2303 laeta
965 2241 1100 2328 veniret,

111 2385 114 2392 »
204 2338 320 2402 invidit
343 2335 486 2400 Fortuna
508 2335 597 2422 mihi,
618 2357 658 2399 ne
680 2355 778 2418 regna
801 2334 922 2400 videres

204 2438 316 2501 nostra
338 2455 441 2516 neque
465 2433 503 2495 ad
527 2432 615 2496 sedes
638 2431 741 2496 victor
763 2431 912 2496 veherere
934 2438 1110 2517 paternas?

204 2556 270 2598 non
292 2531 370 2595 haec
391 2529 544 2594 Euandro
568 2529 605 2592 de
628 2532 661 2592 te
683 2529 842 2612 promissa
863 2532 990 2614 parenti
1174 2551 1204 2598 45

205 2630 368 2694 discedens
391 2627 546 2713 dederam,
568 2648 640 2689 cum
663 2648 714 2689 me
737 2628 920 2710 complexus
943 2632 1072 2692 euntem

205 2728 348 2792 mitteret
371 2725 405 2788 in
427 2744 579 2808 magnum
601 2723 771 2806 imperium
793 2727 1002 2808 metuensque
1023 2731 1165 2792 moneret

206 2825 287 2888 acris
310 2843 379 2886 esse
401 2822 497 2905 viros,
520 2842 592 2884 cum
616 2821 694 2884 dura
716 2819 838 2903 proelia
860 2825 963 2905 gente.

207 2926 239 2984 et
261 2941 346 2984 nunc
368 2919 422 2982 ille
445 2919 573 3002 quidem
597 2939 651 3000 spe
674 2917 814 2981 multum
837 2921 948 3001 captus
971 2919 1061 2982 inani

207 3018 273 3080 fors
298 3021 329 3080 et
352 3019 428 3080 vota
450 3015 527 3079 facit
550 3014 753 3098 cumulatque
777 3015 891 3078 altaria
912 3015 1016 3080 donis:
1174 3033 1204 3080 ⁵0

206 3135 266 3178 nos
289 3113 435 3177 iuvenem
458 3111 638 3175 exanimum
661 3115 693 3174 et
715 3112 763 3174 nil
784 3113 848 3175 iam
872 3113 1062 3178 caelestibus
1086 3113 1159 3178 ullis

207 3210 374 3273 debentem
396 3231 477 3272 vano
501 3208 616 3272 maesti
639 3209 828 3272 comitamur
850 3207 979 3272 honore.

207 3306 331 3390 infelix,
349 3305 419 3390 nati
442 3303 686 3386 funus—‚crudele
709 3305 844 3378 videbis!

207 3400 243 3463 hi
265 3400 370 3462 nostri
392 3400 513 3464 reditus
537 3402 758 3485 expectatique
780 3401 947 3489 triumphi,

208 3496 287 3559 haec
310 3517 379 3558 mea
401 3515 516 3578 magna
539 3497 624 3560 fides.
671 3502 704 3560 at
727 3519 802 3582 non,
825 3498 983 3584 Euandre,
1005 3499 1158 3582 pudendis
1175 3515 1205 3564 cs
