2574 3964
204 201 244 264 78
487 201 635 257 VERGILI
654 201 865 258 GEORGICON
884 203 923 256 111

201 384 260 427 000
282 363 334 427 via
356 364 470 428 mortis
495 366 563 427 erat
586 364 736 450 simplex,
760 364 814 428 sed
836 365 893 428 ubi
915 365 1009 449 ignea
1031 367 1122 430 venis

203 460 351 524 omnibus
376 465 447 524 acta
469 461 541 524 sitis
564 461 699 525 miseros
723 461 896 526 adduxerat
920 467 1025 549 artus,

202 578 315 620 rursus
338 556 521 621 abundabat
545 557 682 621 fluvidus
705 557 812 642 liquor
836 558 1005 642 omniaque
1027 560 1063 623 in
1086 581 1121 624 se

203 673 276 717 ossa
298 653 484 718 minutatim
505 655 618 718 morbo
642 655 794 738 conlapsa
815 655 971 719 trahebat.
1070 693 1072 701 s
1161 674 1212 721 405

203 771 295 834 saepe
318 751 353 815 in
375 751 496 816 honore
519 752 613 815 deum
634 752 738 816 medio
763 755 852 817 stans
875 752 983 817 hostia
1007 754 1046 817 ad
1069 777 1174 838 aram,

201 847 293 912 lanea
316 848 391 912 dum
413 849 507 912 nivea
530 849 743 912 circumdatur
766 849 869 913 infula
891 850 987 936 vitta,
1278 883 1279 928 ς

200 944 284 1008 inter
307 945 487 1011 cunctantis
511 945 623 1009 cecidit
645 946 836 1012 moribunda
858 947 1033 1013 ministros.

202 1045 257 1105 aut
281 1043 406 1126 siquam
429 1043 514 1107 ferro
536 1047 732 1106 mactaverat
756 1048 829 1106 ante
853 1044 1012 1129 sacerdos,

201 1137 273 1201 inde
294 1160 398 1222 neque
420 1139 582 1222 impositis
606 1140 717 1204 ardent
741 1141 855 1204 altaria
877 1141 983 1226 fibris,
1160 1161 1211 1208 400

199 1256 258 1298 000
280 1257 434 1318 responsa
456 1241 564 1319 potest
588 1239 754 1301 consultus
777 1236 905 1300 reddere
927 1241 1031 1324 vates,

201 1353 237 1395 ao
259 1331 313 1394 vix
336 1332 497 1416 suppositi
519 1333 690 1417 tinguntur
714 1333 868 1416 sanguine
891 1333 987 1396 cultri

202 1449 387 1513 summaque
409 1429 515 1493 ieiuna
539 1431 627 1494 sanie
650 1431 828 1494 infuscatur
851 1429 978 1495 harena.

200 1525 276 1588 hinc
298 1526 391 1590 laetis
414 1527 509 1590 viruli
532 1528 627 1612 volgo
651 1528 833 1591 moriuntur
855 1528 890 1591 in
912 1527 1027 1596 herbis

201 1626 233 1685 et
256 1623 357 1686 dulcis
381 1624 503 1687 animas
526 1625 620 1708 plena
643 1624 683 1688 ad
705 1624 869 1708 praesepia
891 1625 1041 1712 reddunt3
1158 1645 1209 1692 405

200 1719 276 1783 hinc
298 1719 429 1784 canibus
454 1721 579 1784 blandis
602 1721 708 1784 rabies
731 1721 835 1807 venit,
858 1725 890 1786 et
914 1725 1020 1806 quatit
1044 1745 1159 1808 aegros

201 1816 300 1880 tussis
325 1816 438 1880 anhela
462 1839 534 1881 sues
557 1840 594 1882 ao
615 1817 762 1882 faucibus
786 1819 877 1904 angit
900 1819 1014 1884 obesis.

200 1913 321 1977 labitur
344 1913 455 1978 infelix
480 1915 660 1978 studiorum
683 1919 779 1998 atque
801 1915 968 1979 immemor
990 1916 1109 1980 herbae

200 2012 303 2075 victor
326 2032 424 2096 equos
447 2012 612 2095 fontisque
634 2013 790 2076 avertitur
813 2016 845 2075 ct
867 2012 947 2096 pede
968 2017 1088 2078 terram

200 2108 310 2172 crebra
332 2108 419 2193 ferit3
443 2109 597 2172 demissae
621 2125 712 2174 aures
717 2162 727 2195 ,
749 2109 889 2174 incertus
912 2109 1031 2174 ibidem
1158 2129 1208 2177 500

201 2205 297 2269 sudor
320 2209 352 2268 et
374 2205 429 2268 ille
453 2205 580 2288 quidem
602 2206 768 2270 morituris
791 2207 942 2292 frigidus,
965 2211 1034 2271 aret

199 2302 292 2386 pellis
316 2305 348 2365 et
372 2302 411 2365 ad
433 2305 557 2366 tactum
579 2304 732 2366 tractanti
755 2303 834 2367 dura
857 2303 988 2367 resistit.

199 2400 277 2464 haec
299 2403 373 2463 ante
397 2399 531 2463 exitium
553 2401 665 2483 primis
688 2400 766 2464 dant
789 2400 881 2484 signa
903 2400 1029 2484 diebu's3

200 2497 252 2560 sin
273 2496 308 2560 in
329 2516 481 2580 processu
504 2497 608 2579 coepit
632 2497 813 2560 crudescere
835 2497 981 2583 morbus,

199 2597 269 2656 tum
291 2614 366 2656 vero
391 2592 536 2656 ardentes
561 2594 645 2657 oculi
669 2597 765 2677 atque
789 2598 945 2657 attractus
969 2594 1009 2657 ab
1033 2595 1100 2659 alto
1157 2613 1209 2662 505

201 2689 348 2774 spiritus,
370 2689 530 2752 interdum
553 2691 675 2774 gemitu
698 2691 819 2775 gravis,
841 2691 968 2774 imaque
990 2691 1107 2780 longo·

200 2786 256 2850 ilia
281 2787 426 2871 singultu
448 2788 599 2872 tendunt,
620 2788 648 2851 it
670 2788 803 2852 naribus
827 2791 895 2852 ater

201 2881 346 2966 sanguis,
369 2886 401 2945 et
425 2883 572 2947 obsessas
595 2885 702 2949 fauces
724 2885 842 2968 premit
865 2905 977 2968 aspera
999 2887 1120 2971 lingua.

199 2978 321 3062 profuit
343 2979 465 3043 inserto
488 2981 599 3044 latices
623 2981 790 3046 infundere
813 3005 911 3046 cornu

199 3075 354 3140 Lenaeos:
378 3098 414 3140 ea
436 3077 506 3141 visa
529 3078 615 3142 salus
638 3080 850 3144 morientibus
873 3102 945 3144 una.
1156 3100 1208 3148 510

198 3195 273 3237 mox
297 3177 365 3237 erat
387 3174 448 3238 hoo
470 3173 577 3256 ipsum
600 3175 712 3260 exitio,
734 3175 890 3258 furiisque
913 3177 1023 3240 refecti

200 3270 365 3355 ardebant,
388 3270 514 3352 ipsique
538 3292 614 3334 suos
636 3273 701 3336 iam
723 3277 826 3336 morte
850 3273 909 3336 sub
934 3293 1029 3357 aegra

200 3364 247 3451 (di
269 3367 403 3430 meliora
425 3367 488 3449 piis
512 3388 713 3452 erroremque
735 3369 885 3433 hostibus
908 3369 1029 3456 illumi)

200 3463 351 3526 discissos
374 3463 468 3526 nudis
491 3462 655 3528 laniabant
679 3467 828 3530 dentibus
853 3472 949 3531 artus.
