2576 3970
162 242 227 306 204
496 241 644 296 vasam
662 241 833 296 aunnrsv

163 409 249 467 certa
272 407 411 488 manent,
433 403 534 488 pueri,
557 407 590 467 et
612 403 752 486 palmam
773 406 882 466 movet
905 401 1015 466 ordine
1038 422 1150 464 nemo:

161 522 213 563 me
235 500 330 563 liceat
353 521 445 562 casus
468 499 612 562 misereri
634 499 774 563 insontis
798 497 910 562 amici?
1121 513 1175 561 350
1283 495 1284 510 1

164 597 210 659 sic
232 597 319 660 fatus
342 600 470 680 tergum
494 593 623 659 Gaetuli
645 596 782 660 immane
805 597 907 659 leonis

164 693 218 756 dat
242 690 339 779 Salio,
361 693 448 757 villis
472 713 642 756 onerosum
665 697 761 776 atque
784 693 946 776 unguibus
970 691 1084 754 aureis

162 789 215 852 hic
237 788 338 853 Nisus
363 789 402 853 ‘si
426 788 529 853 tanta'
552 789 659 872 inquit
683 790 771 853 ‘sunt
793 789 934 873 praemia
956 788 1052 852 victis

163 889 195 950 11
218 889 251 950 11
273 887 438 969 lapsorum
460 887 599 970 miseret,
622 908 704 969 quae
726 908 859 950 munera
881 883 963 950 Niso

163 982 261 1066 digna
283 983 396 1046 dabis?
419 983 556 1066 primam
578 981 681 1046 merui
705 983 760 1066 qui
782 983 876 1047 laude
898 1003 1059 1066 coronam,
1121 997 1177 1044 355
1284 1043 1285 1064 ,

163 1079 197 1141 111
220 1101 280 1164 me,
304 1101 384 1163 quae
408 1077 539 1164 Salium,
561 1077 705 1142 Fortuna
727 1079 856 1143 inimica
878 1079 1029 1142 tulisset?

164 1180 196 1239 et
219 1177 316 1240 simul
337 1176 389 1240 his
413 1177 506 1240 dictis
529 1176 643 1239 faciem
666 1175 850 1240 ostentabat
873 1179 905 1238 et
928 1175 990 1238 udo

88 1317 91 1326 =
163 1275 272 1356 turpia
294 1274 437 1337 membra
459 1272 544 1336 fimo
590 1271 663 1335 risit
686 1275 777 1354 pater
801 1272 941 1354 optimus
965 1271 1021 1334 1111

164 1375 196 1433 11
219 1371 357 1454 clipeum
380 1369 485 1433 efferri
507 1370 614 1454 iussit,
635 1367 846 1452 Didymaonis
869 1371 964 1452 artes,

163 1465 309 1550 Neptuni
332 1488 421 1531 sacro
445 1465 566 1530 Danais
590 1465 628 1529 de
650 1470 743 1549 poste
765 1464 907 1528 refixum.
1122 1479 1178 1528 ³60
1285 1449 1286 1470 ¹

164 1564 226 1627 hoc
248 1564 395 1628 iuvenem
418 1563 581 1647 egregium
604 1561 782 1645 praestanti
804 1582 934 1624 munere
957 1561 1063 1624 donat.

208 1659 288 1724 Post
311 1659 368 1723 ubi
390 1660 527 1724 confecti
549 1681 671 1744 cursus,
694 1663 726 1722 et
749 1658 832 1720 dona
855 1657 991 1741 peregit:

166 1756 373 1841 ε1111111111
396 1756 499 1819 virtus
524 1755 712 1838 animusque
735 1755 770 1818 in
792 1759 920 1838 pectore
942 1775 1104 1840 praesens,

166 1854 249 1917 adsit
273 1856 305 1917 et
328 1853 461 1916 evinctis
486 1853 615 1916 attollat
638 1851 786 1915 bracchia
808 1849 943 1933 palmis?

166 1951 212 2014 sic
235 1950 280 2013 ait
303 1953 336 2013 et
359 1949 518 2034 geminum
543 1969 669 2032 pugnae
692 1949 845 2032 proponit
863 1946 1031 2032 honorem,
1122 1964 1177 2012 eoo

166 2046 281 2111 victori
304 2047 445 2110 velatum
467 2068 545 2110 auro
569 2046 725 2128 vittisque
747 2044 924 2126 iuvencum,

166 2165 273 2206 ensem
297 2146 394 2224 atque
416 2142 576 2225 insignem
599 2143 723 2225 galeam
747 2141 865 2204 solacia
887 2141 981 2204 victo,

165 2262 224 2305 nec
245 2260 348 2302 mora:
372 2239 524 2302 continuo
547 2240 649 2302 vastis
673 2261 745 2303 cum
767 2237 890 2300 viribus
914 2237 1005 2301 effert

167 2359 224 2401 ora
246 2335 347 2400 Dares
370 2356 552 2419 magnoque
574 2335 680 2399 virum
703 2356 736 2397 se
759 2355 921 2398 murmure
943 2335 1041 2421 tollit,

167 2435 255 2498 solus
279 2433 335 2516 qui
356 2431 502 2496 Paridem
526 2433 642 2496 solitus
665 2431 855 2496 contendere
877 2435 998 2516 contra,
1122 2449 1176 2496 370

166 2532 312 2613 idemque
336 2530 374 2592 ad
397 2529 567 2614 tumulum,
590 2550 653 2612 quo
677 2528 835 2591 maximus
859 2527 993 2592 occubat
1015 2526 1146 2614 Hector,

166 2628 321 2690 victorem
343 2624 451 2688 Buten
472 2625 605 2687 immani
629 2645 770 2709 corpore,
793 2625 849 2708 qui
872 2647 906 2689 se

167 2722 324 2805 Bebrycia
346 2721 476 2785 veniens
499 2720 614 2803 Ampci
637 2721 675 2783 de
698 2725 793 2803 gente
816 2721 949 2805 ferebat,

167 2820 302 2903 perculit
326 2822 357 2882 et
380 2818 468 2881 fulva
491 2817 718 2880 moribundum
740 2818 883 2881 extendit
904 2817 1031 2881 harena.

166 2916 242 2979 talis
266 2916 369 2998 prima
391 2913 493 2978 Dares
517 2919 612 2998 caput
636 2914 737 2977 altum
760 2914 795 2977 in
817 2909 941 2997 proelia
961 2914 1060 3001 toltit,
1122 2931 1175 2979 315

168 3012 372 3094 ostenditque
395 3032 522 3074 umeros
545 3011 630 3074 latos
654 3011 841 3094 alternaque
864 3013 963 3075 iactat

167 3108 316 3175 bracchia
337 3109 530 3191 protendens
555 3111 587 3170 et
610 3107 758 3170 verberat
780 3107 898 3170 ictibus
921 3129 1023 3170 auras.

167 3205 333 3290 quaeritur
355 3205 431 3268 huic
454 3205 549 3289 alius3
572 3225 630 3268 nec
653 3204 823 3286 quisquam
847 3226 884 3266 ex
909 3204 1035 3287 agmine
1058 3209 1151 3269 tanto

168 3303 262 3367 audet
287 3301 373 3364 adire
396 3302 501 3364 virum
523 3301 735 3382 manibusque
758 3301 906 3364 inducere
930 3304 1064 3365 caestus.

168 3420 244 3484 ergo
269 3396 383 3460 alacris
407 3401 601 3478 cunctosque
624 3401 743 3479 putans
768 3397 914 3461 excedere
937 3397 1043 3479 palma
1124 3414 1177 3464 ³80

166 3497 294 3560 Aeneae
318 3492 410 3555 stetit
433 3497 506 3555 ante
529 3493 633 3579 pedes,
656 3515 714 3556 nec
737 3493 830 3576 plura
852 3497 996 3556 moratus
