2576 3970
470 1070 730 1144 P.vnRe1u1
757 1071 968 1144 MARONIS

428 1245 463 1328 Α
508 1245 543 1326 Ε
588 1245 631 1327 Ν
675 1247 711 1327 Ε
756 1245 779 1327 Ι
824 1245 863 1328 D
911 1245 948 1327 0
994 1245 1022 1329 S

538 1437 670 1501 uranu
694 1435 906 1503 summus

220 1581 270 1644 Tu
293 1601 419 1664 quoque
441 1578 592 1643 litoribus
614 1579 746 1664 nostrie,
768 1577 889 1644 Aeneia
911 1582 1036 1667 nutrix,

221 1681 383 1741 aeternam
405 1675 545 1740 moriens
568 1675 695 1759 famam,
718 1673 837 1761 Caieta,
861 1677 991 1762 dedisti3

221 1778 253 1837 et
275 1794 360 1836 nunc
383 1775 489 1836 servat
511 1771 614 1834 honos
639 1772 744 1835 sedem
766 1777 843 1837 tuus
867 1796 1004 1858 ossaque
1025 1798 1140 1841 nomen

221 1869 377 1952 Hesperia
399 1867 434 1930 in
456 1887 582 1952 magna,
606 1867 698 1950 siqua
721 1873 770 1932 est
793 1893 830 1934 ea
853 1872 966 1956 gloria,
989 1873 1103 1958 signat.

221 1971 255 2032 at
278 1967 350 2050 pius
374 1964 516 2048 exequiis
540 1963 664 2028 Aeneas
688 1964 750 2028 rite
773 1967 903 2053 solutis,
1196 1987 1208 2034 5

221 2085 337 2150 aggere
361 2061 539 2146 composito
562 2061 694 2147 tumuli,
716 2066 889 2146 postquam
912 2065 977 2128 alta
1001 2066 1147 2149 quierunt

222 2183 369 2246 aequora,
392 2159 494 2224 tendit
517 2158 579 2222 iter
598 2159 677 2222 velis
701 2163 894 2244 portumque
917 2162 1079 2247 relinquit.

221 2259 386 2342 adspirant
409 2277 504 2320 aurae
526 2255 561 2318 in
583 2260 710 2320 noctem
732 2277 790 2320 nec
812 2259 945 2323 candide
959 2282 1080 2340 cursus

112 2343 169 2374 Κ
221 2355 312 2420 Luna
334 2357 441 2439 negat,
465 2352 609 2436 splendet
632 2353 769 2416 tremulo
793 2342 854 2420 sub
877 2355 999 2420 lumine
1022 2361 1145 2441 pontus.

221 2452 368 2537 proxima
391 2447 537 2514 Circaeae
560 2450 717 2513 raduntur
739 2450 837 2514 litora
859 2455 971 2537 terrae,
1185 2469 1210 2516 ro

221 2550 309 2613 dives
331 2549 510 2612 inaccessos
533 2546 590 2610 ubi
614 2543 699 2610 Solis
723 2547 790 2611 filia
812 2549 901 2614 lucos

222 2645 354 2710 adsiduo
378 2647 508 2707 resonat
531 2647 628 2706 cantu
650 2644 808 2728 tectisque
832 2648 978 2731 superbis

221 2743 287 2807 urit
311 2742 476 2806 odoratam
492 2744 650 2804 nocturna
672 2741 851 2807 inlumina
874 2744 1032 2830 caedrum,

222 2843 337 2924 arguto
360 2838 467 2902 tenuis
490 2859 677 2920 percurrens
700 2839 824 2921 pectine
848 2842 936 2905 telae.
1006 2872 1008 2876 v

221 2936 296 3001 hinc
319 2936 462 3001 exaudiri
485 2935 624 3020 gemitus
648 2935 778 3018 iraeque
801 2937 930 3002 leonum
1186 2953 1210 2998 1⁵

145 3069 152 3080 ’
222 3033 326 3098 vincla
347 3036 552 3097 recusantum
575 3035 607 3095 et
616 3033 784 3126 [ξε-ταρβῶ)
803 3039 901 3128 ,ηοςρθ
923 3035 1103 3121 rudentum,

223 3131 436 3215 saetigerique
459 3151 532 3194 sues
556 3133 652 3213 atque
675 3129 711 3193 in
732 3132 938 3215 praesepibus
962 3133 1030 3196 ursi

223 3228 344 3293 saevire
368 3249 409 3317 ac·
426 3227 547 3317 f9.¹',¹1.¹..³.⁰
570 3248 761 3311 magnorum
783 3229 907 3294 ululare
929 3230 1088 3315 luporum,

223 3347 305 3411 quos
328 3324 494 3389 hominum
518 3347 556 3388 ex
579 3324 660 3388 facie
682 3324 740 3388 dea
763 3347 857 3390 saeva
880 3325 1067 3410 potentibus
1089 3325 1188 3390 herbis

222 3423 369 3488 induerat
393 3419 484 3486 Circe
507 3422 542 3485 in
564 3422 672 3486 voltus
696 3444 732 3486 ac
754 3425 845 3506 terga
867 3424 1015 3486 ferarum.
1184 3435 1212 3480 ‘rc

222 3541 305 3606 quae
326 3541 367 3582 ne
390 3523 536 3582 monstra
558 3520 605 3602 pii
627 3523 814 3602 paterentur
837 3519 915 3583 talia
938 3519 1037 3584 Troes
