2538 3970
436 958 474 1030 P.
502 957 697 1030 tussim
739 955 951 1028 Mlucius

401 1132 438 1214 A
484 1133 519 1212 E
565 1132 608 1212 N
653 1131 688 1210 E
735 1130 757 1211 Ι
801 1131 841 1210 D
888 1130 923 1212 Ο
971 1131 998 1213 S

515 1323 646 1388 ursus
670 1321 875 1388 cooevos,

191 1464 239 1531 Ut
262 1466 341 1529 belli
364 1467 493 1552 signum
515 1464 668 1529 Laurenti
691 1464 817 1528 Turnus
842 1465 882 1528 ab
906 1487 977 1528 erce

193 1561 309 1626 extulit
332 1566 364 1628 et
387 1583 482 1627 reuco
507 1564 712 1645 strepuerunt
736 1583 856 1626 cornua
875 1567 981 1646 centu,

195 1661 309 1746 [utque
332 1660 413 1725 acris
438 1658 598 1723 concussit
621 1680 719 1741 equos
743 1663 843 1742 utque
866 1661 996 1744 impulit
1020 1662 1126 1748 arms]

194 1757 353 1840 extemplo
376 1756 500 1820 turbati
524 1755 631 1840 enimi,
655 1755 750 1818 simul
774 1778 867 1821 omne
889 1759 1033 1823 tumultu

194 1855 340 1918 coniurat
363 1853 487 1937 trepido
510 1852 641 1918 Latium
664 1853 828 1939 saevitque
850 1855 999 1920 iuventus
1170 1872 1183 1919 5

194 1952 297 2016 effera.
343 1950 489 2016 ductores
512 1949 608 2034 primi
632 1948 798 2033 Messapus
821 1954 853 2014 et
876 1950 978 2016 Ufens

194 2050 458 2131 contemptorque
481 2047 574 2110 deum
598 2045 774 2110 Mezentius
798 2048 937 2132 undique
961 2054 1079 2135 cogunt

194 2145 312 2210 auxilia
335 2149 367 2208 et
389 2144 474 2208 lotos
496 2147 626 2208 vastent
648 2143 825 2207 cultoribus
849 2165 952 2229 agros.

193 2238 335 2306 mittitur
358 2245 390 2305 et
413 2241 523 2326 magni
545 2239 689 2305 Venulus
712 2237 876 2306 Diomedis
901 2241 940 2305 ed
962 2243 1083 2328 urbem,

194 2339 249 2423 qui
272 2341 361 2422 petat
385 2337 540 2401 auxilium
563 2341 595 2402 et
618 2335 711 2401 Latio
735 2339 910 2402 consistere
933 2339 1081 2425 Teucros,
1155 2355 1181 2402 10

193 2437 359 2500 advectum
380 2433 512 2499 Aenean
534 2433 628 2497 classi
652 2433 818 2518 victosque
841 2435 967 2518 penatis

192 2534 310 2598 inferre
333 2536 366 2596 et
389 2532 465 2596 fetis
488 2551 596 2617 regem
619 2553 653 2594 sc
675 2530 777 2596 dicere
800 2533 890 2616 posci

192 2631 322 2694 edoceat
346 2629 542 2713 [multasque
565 2627 634 2691 viro
658 2651 692 2692 se
715 2629 886 2714 adiungere
909 2631 1015 2715 gen-tis

192 2725 354 2790 Dardanio
379 2727 411 2787 et
433 2724 499 2788 late
521 2723 615 2788 Latio
639 2725 869 2790 increbrescere
891 2725 1032 2810 nomen}

193 2824 271 2907 quid
294 2826 399 2886 struat
421 2821 473 2886 his
496 2822 627 2906 coeptis
652 2844 755 2908 quem,
777 2823 805 2886 si
828 2822 959 2886 fortune
983 2826 1180 2906 sequetur,15

192 2922 342 2984 eventum
365 2939 491 3003 pugnae
514 2918 630 3004 cupiat,
652 2919 854 2984 manifestius
877 2919 941 3002 ipsi

193 3040 291 3101 quam
314 3017 422 3081 Turno
446 3017 515 3101 regi
538 3019 593 3079 aut
616 3017 685 3100 regi
709 3037 861 3100 apparere
883 3015 1009 3081 Latino.

236 3114 327 3178 Talia
350 3135 406 3196 per
429 3112 566 3177 Latium.
609 3135 690 3196 quae
713 3112 962 3177 Laomedontius
984 3114 1077 3178 heros

192 3217 307 3278 cuncta
329 3212 439 3288 ridens
462 3231 579 3296 magno
604 3233 751 3274 curarum
774 3209 909 3274 fluctuat
932 3215 1032 3296 aestu,

192 3315 289 3394 atque
312 3309 454 3372 animum
476 3327 561 3371 nuno
583 3307 645 3370 huc
669 3306 810 3392 celerem,
832 3328 917 3370 nunc
936 3307 1049 3370 dividit
1067 3307 1179 3390 illucet

191 3409 226 3471 in
249 3407 414 3490 partisque
437 3404 522 3487 rapit
545 3403 649 3467 varias
673 3424 792 3487 perque
816 3404 923 3467 omnia
943 3409 1062 3467 versat:

191 3506 275 3571 sicut
300 3523 399 3586 equae
423 3501 593 3563 tremulum
617 3499 716 3564 labris
740 3499 796 3564 ubi
818 3501 927 3564 lumen
950 3501 1037 3564 senis
