2574 3964
412 261 559 317 VERGILI
577 263 711 318 AENEIS
729 265 741 318 Ι
1028 269 1086 332 101

76 423 198 488 circum
220 424 361 488 claustra
383 425 537 509 fremunt,
561 425 645 490 celsa
669 428 756 490 sedet
778 425 899 492 Aeolus
923 450 994 493 arce

77 523 205 602 sceptra
227 524 341 584 tenens
364 522 535 605 mollitque
558 524 683 587 animos
707 528 739 587 et
762 529 920 607 temperat
942 525 1015 588 iras.

75 618 111 680 ni
134 617 247 701 faciat,
270 619 372 681 maria
395 640 431 682 ac
453 622 557 683 terras
580 621 765 704 caelumque
788 621 983 704 profundum

77 714 198 797 quippe
220 715 327 778 ferant
349 716 454 798 rapidi
478 737 584 780 secum
607 722 798 800 verrantque
821 741 878 800 per
902 740 1008 782 auras:

76 811 132 874 sed
155 815 248 894 pater
273 813 476 894 omnipotens
500 815 660 897 speluncis
685 801 807 878 abdidit
831 815 909 878 atris
1055 833 1088 880 60

75 908 138 972 hoc
160 912 325 994 metuens,
346 909 527 993 molemque
550 915 582 974 et
604 917 731 976 montes
754 913 885 995 insuper
908 913 990 976 altos

75 1006 236 1089 imposuit
259 1027 430 1090 regemque
453 1007 555 1093 dedit,
578 1009 634 1091 qui
656 1009 782 1072 foedere
804 1013 891 1072 certo

76 1107 108 1165 et
132 1123 277 1186 premere
301 1106 333 1165 et
356 1103 445 1166 laxas
469 1103 565 1167 sciret
588 1105 663 1168 dare
685 1106 792 1170 iussus
815 1106 965 1170 habenas.

76 1200 117 1262 ad
141 1221 238 1282 quem
260 1203 332 1263 tum
353 1199 435 1264 Iuno
460 1201 594 1284 supplex
616 1201 668 1265 his
691 1203 824 1266 vocibus
848 1225 906 1266 usa
930 1206 991 1266 est:

122 1297 246 1381 ‘Aeole,
254 1318 393 1380 namque
402 1297 465 1360 tibi
475 1298 583 1361 divom
592 1303 683 1382 pater
693 1303 789 1383 atque
798 1299 965 1363 hominum
974 1321 1030 1362 rex
1055 1315 1088 1364 65

75 1399 109 1458 et
132 1394 273 1458 mulcere
296 1394 383 1458 dedit
406 1394 523 1458 fluetus
548 1399 580 1458 et
602 1396 715 1459 tollere
738 1400 848 1482 vento,

75 1513 156 1576 gens
181 1491 312 1572 inimica
334 1491 414 1554 mihi
437 1491 640 1574 Tyrrhenum
661 1493 794 1577 navigat
817 1515 952 1578 aequor,

75 1588 176 1651 llium
198 1587 235 1650 in
256 1585 383 1650 Italiam
407 1591 541 1670 portans
564 1589 730 1673 victosque
753 1595 897 1674 penates:

74 1686 187 1749 incute
211 1684 277 1748 vim
300 1685 404 1747 ventis
429 1685 675 1770 submersasque
699 1687 798 1750 obrue
820 1709 959 1774 puppes,

76 1786 133 1846 aut
157 1801 218 1865 age
242 1781 383 1844 diversos
408 1785 440 1844 et
463 1782 561 1846 disice
584 1804 718 1866 corpora
740 1788 850 1866 ponto.
1055 1801 1088 1849 το

77 1884 155 1942 sunt
180 1878 261 1941 mihi
284 1877 335 1942 bis
360 1883 483 1962 septem
504 1879 683 1962 praestanti
706 1902 839 1963 corpore
861 1880 1035 1966 nymphae,

76 1998 217 2060 quarum
241 1997 322 2058 quae
344 1976 448 2040 forma
470 1976 684 2060 pulcherrima
706 1975 864 2059 Deiopea,

76 2072 219 2137 conubio
242 2073 375 2156 iungam
398 2072 509 2136 stabili
532 2074 758 2157 propriamque
782 2073 907 2158 dicabo,

76 2169 185 2234 omnis
208 2173 247 2232 ut
269 2173 375 2232 tecum
397 2171 521 2233 meritis
545 2192 603 2253 pro
627 2170 747 2233 talibus
772 2191 872 2233 annos

76 2268 188 2352 exigat
211 2270 244 2329 et
267 2266 400 2348 pulchra
423 2267 520 2330 faciat
543 2272 575 2330 te
598 2267 687 2351 prole
711 2268 896 2350 parentem'
1055 2281 1088 2332 75

121 2363 246 2428 Aeolus
268 2363 346 2426 haee
369 2367 493 2428 eontra:
517 2365 619 2450 tuus,
642 2385 661 2427 c
685 2365 809 2449 regina,
832 2365 909 2448 quid
932 2368 1037 2449 optes,

77 2461 247 2545 explorare
269 2460 375 2544 labor3
397 2461 478 2524 mihi
501 2461 589 2525 iussa
612 2483 775 2544 capessere
798 2462 846 2525 fas
871 2466 929 2526 est.

77 2563 114 2620 tu
137 2557 222 2620 mihi
246 2556 467 2640 quodcumque
488 2557 550 2620 hoc
573 2559 678 2643 regni,
704 2563 742 2622 tu
771 2563 896 2642 sceptra
917 2557 1089 2642 Iovemque

77 2653 247 2738 eonciliaS,
268 2656 305 2715 tu
328 2653 384 2716 das
407 2654 511 2736 epulis
536 2655 719 2719 accumbere
743 2657 850 2720 divom

77 2752 327 2833 nimborumque
350 2749 429 2814 facis
452 2755 744 2836 tempestatumque
766 2751 950 2836 potentem’
1055 2768 1089 2817 80

121 2848 213 2912 Haeo
235 2847 293 2911 ubi
316 2847 414 2933 dicta,
437 2852 548 2912 cavom
571 2871 723 2914 conversa
746 2850 875 2933 cuspide
898 2853 1041 2914 montem

77 2945 210 3029 impulit
233 2945 268 3007 in
290 2945 389 3008 latus:
403 2965 449 3034 ¹oe
472 2947 561 3009 venti
583 2948 671 3010 velut
696 2948 821 3032 agmine
844 2948 943 3031 laeto,
1026 2979 1028 2988 ι

78 3067 142 3128 qua
166 3043 242 3105 data
266 3045 376 3126 porta,
398 3046 498 3105 ruunt
522 3045 554 3106 et
576 3047 679 3106 terras
702 3043 832 3107 turbine
855 3043 1000 3126 perflant.

76 3140 253 3204 incubuere
275 3139 371 3224 mari,
394 3142 564 3223 totumque
587 3163 605 3204 a
629 3141 756 3204 sedibus
780 3141 853 3204 imis

78 3262 141 3303 una
160 3237 333 3321 Eurusque
352 3235 523 3320 Notusque
541 3241 641 3300 ruunt
660 3239 831 3321 creberque
850 3241 997 3323 procellis
1056 3257 1091 3305 85

76 3335 223 3419 Africus,
247 3338 279 3398 et
302 3337 411 3398 vastos
434 3335 568 3399 volvont
592 3335 631 3398 ad
653 3335 750 3398 litora
773 3335 898 3400 fluetus.

75 3431 261 3515 insequitur
284 3431 467 3514 clamorque
489 3431 595 3494 virum
619 3433 800 3514 stridorque
823 3433 1002 3496 rudentum.

75 3530 221 3614 eripiunt
245 3527 354 3592 subito
376 3529 479 3592 nubes
504 3529 689 3613 caelumque
713 3529 859 3612 diemque

1143 698 1167 754 p
