2576 3970
396 281 545 342 VERGILI
563 287 695 343 AENEIS
710 289 761 342 VII
1008 287 1071 350 ‘251

72 449 238 514 cuntulit
260 453 293 514 et
317 471 481 514 caesarum
505 450 613 514 ovium
636 450 696 514 sub
719 453 813 514 nocte
837 449 946 513 silenti

72 547 203 630 pellibus
226 547 374 611 incubuit
398 547 510 610 stratis
534 567 726 629 somnosque
749 545 874 631 petivit,

72 643 169 707 multa
189 643 294 708 modis
319 644 490 708 simulacra
512 643 599 708 videt
621 642 792 707 volitantia
814 643 905 706 miris

72 744 104 803 et
125 741 225 805 varias
249 741 339 804 audit
361 763 455 805 voces
478 741 661 824 fruiturque
684 739 816 803 deorum
1040 757 1074 805 00

72 837 238 922 conloquio
263 841 360 920 atque
383 837 457 901 imis
479 837 663 902 Acheronta
687 836 814 900 adfatur
836 835 982 901 Auernis.

70 934 123 998 hic
142 939 173 998 et
194 938 266 998 tum
289 937 381 1016 pater
403 933 472 1016 ipse
494 939 605 1016 petens
629 955 783 1017 responsa
805 931 940 998 Latinus

72 1035 193 1094 centum
215 1030 376 1115 lanigeras
400 1029 562 1094 mactabat
584 1031 647 1094 rite
669 1031 809 1094 bidentis

71 1131 164 1211 atque
185 1128 301 1191 harum
325 1127 456 1192 effultus
480 1131 572 1212 tergo
596 1128 772 1211 stratisque
794 1128 919 1192 iacebat

73 1225 252 1290 velleribus:
277 1223 385 1288 subita
408 1245 446 1287 ex
470 1223 536 1288 alto
559 1245 623 1288 vox
645 1224 769 1287 reddita
791 1224 863 1289 luco
887 1228 936 1289 est
1040 1241 1074 1290 05

71 1323 121 1387 ‘ne
141 1326 214 1408 pete
237 1321 384 1386 conubiis
407 1325 518 1384 natam
542 1322 663 1386 sociare
686 1319 822 1407 Latinis,

71 1443 89 1484 o
111 1441 181 1484 mea
203 1419 383 1504 progenies,
405 1417 556 1482 thalamis
578 1440 642 1482 neu
664 1419 754 1484 crede
777 1418 915 1502 paratis:

70 1517 191 1581 externi
213 1517 343 1580 venient
366 1515 484 1601 generi,
511 1516 566 1599 qui
589 1516 744 1600 sanguine
766 1521 916 1580 nostrum

70 1635 185 1679 nomen
205 1614 241 1677 in
264 1618 351 1676 astra
373 1613 479 1678 terant
503 1635 702 1697 quorumque
725 1635 744 1676 a
767 1614 868 1696 stirpe
889 1617 1024 1696 nepotes

69 1711 176 1774 omnia
199 1710 260 1774 sub
283 1710 429 1794 pedibus,
453 1732 515 1794 qua
539 1706 595 1773 Sol
617 1713 790 1792 utrumque
813 1732 977 1774 recurrens
1025 1727 1075 1776 100

70 1807 183 1891 aspicit
205 1805 376 1890 Oceanum,
398 1807 544 1890 vertique
566 1807 699 1891 regique
721 1807 896 1872 videbunt?

71 1904 145 1968 haec
167 1925 322 1987 responsa
344 1904 447 1986 patris
470 1902 573 1966 Fauni
596 1904 803 1987 monitusque
827 1904 935 1969 silenti

70 2006 162 2065 nocte
185 2001 277 2064 datos
300 2020 368 2063 non
390 1999 459 2082 ipse
483 2019 542 2062 suo
565 2001 682 2081 premit
706 2022 760 2064 ore
783 1999 928 2086 Latinus,

71 2099 124 2163 sed
145 2097 267 2162 circum
288 2097 354 2160 late
377 2097 519 2160 volitans
542 2096 607 2158 iam
629 2095 728 2162 Fama
750 2119 807 2180 per
825 2097 922 2161 urbes

71 2195 230 2260 Ausonias
253 2193 383 2279 tulerat,
405 2214 476 2256 cunr
499 2191 729 2257 Laomedontis
750 2193 852 2276 pubes
1026 2211 1075 2259 100

69 2291 233 2376 gramineo
256 2289 345 2373 ripae
367 2289 516 2373 religavit
539 2290 579 2353 ab
604 2310 719 2374 aggere
743 2291 886 2356 classem.

111 2388 238 2452 Aeneas
260 2385 420 2470 primique
442 2385 536 2450 duces
560 2390 593 2449 et
615 2386 748 2470 pulcher
770 2385 863 2452 Iulus

69 2505 203 2569 corpora
225 2482 286 2546 sub
309 2483 408 2546 ramis
431 2482 595 2566 deponunt
618 2482 742 2548 arboris
767 2483 851 2548 altae

72 2582 309 2664 instituuntque
332 2580 428 2662 dapes
452 2583 484 2644 et
507 2580 622 2644 adorea
644 2580 712 2644 liba
734 2603 791 2664 per
812 2581 946 2646 herbam

71 2677 233 2742 subiciunt
256 2675 358 2759 epulis
382 2673 444 2762 (sic
465 2674 612 2760 Iuppiter
634 2678 704 2760 ipse
725 2677 892 2767 monebat)
1027 2697 1077 2746 110

73 2779 101 2838 et
118 2773 249 2840 Cereale
272 2773 378 2836 solum
399 2773 504 2856 pomis
527 2775 711 2859 agrestibus
737 2781 863 2860 augent.

70 2871 268 2954 consumptis
290 2869 343 2934 hic
364 2869 449 2933 forte
472 2871 543 2934 aliis
565 2875 603 2935 ut
626 2876 750 2937 vertere
774 2895 901 2938 morsus

71 2969 218 3054 exiguam
241 2967 277 3030 in
299 2963 446 3031 Cererem
468 2967 602 3049 penuria
625 2969 734 3055 adegit
756 2969 868 3033 edendi

71 3070 102 3128 et
122 3065 245 3130 violare
267 3085 365 3126 manu
387 3063 544 3146 malisque
568 3064 741 3128 audacibus
766 3064 877 3128 orbem

72 3162 177 3226 fatalis
201 3161 302 3226 crusti
324 3161 445 3243 patulis
467 3181 525 3224 nec
548 3183 676 3244 parcere
699 3161 842 3246 quadris:
1028 3179 1078 3227 115

72 3259 173 3324 ‘heusl
198 3259 297 3322 etiam
318 3278 445 3321 mensas
469 3258 696 3322 consumimus'
721 3258 827 3342 inquit
850 3256 950 3343 Iulus,

71 3377 126 3422 nec
147 3356 244 3441 plura
267 3355 426 3418 adludens.
469 3376 505 3418 ea
527 3375 590 3418 vox
614 3353 723 3418 audita
745 3354 894 3418 laborum

71 3454 174 3535 prima
196 3452 274 3516 tulit
297 3452 403 3538 finem,
425 3451 624 3536 primamque
646 3451 810 3534 loquentis
834 3451 875 3514 ab
900 3472 954 3514 ore

72 3550 189 3635 eripuit
210 3552 302 3632 pater
325 3571 362 3613 ac
385 3549 585 3632 stupefactus
607 3549 739 3612 numine
761 3547 887 3632 pressit.
