2556 3966
390 236 535 291 vanam
552 238 684 293 lauare
703 239 753 292 1111
1013 241 1080 306 385

66 419 175 483 perge:
200 398 297 462 decet.
343 399 454 464 forsan
476 399 611 464 miseros
634 401 767 466 meliora
795 401 989 485 sequentur.’

67 495 117 558 vix
142 517 189 580 ea,
212 518 284 560 cum
307 496 453 560 lacrimas
478 497 578 561 oeulis
601 497 735 562 Iuturna
757 499 901 582 profudit

18 613 22 618 ·
66 597 178 677 terque
203 597 380 677 quaterque
402 615 499 656 manu
521 597 633 676 pectus
656 596 814 677 percussit
837 594 1080 662 honestumlao

67 691 143 754 ‘non
165 690 316 754 lacrumis
339 689 401 754 hoc
424 689 564 773 tempus'
587 691 633 756 ait
652 688 803 756 Saturnia
824 690 917 766 Iuno:

66 787 222 850 ‘adcelera
245 791 278 852 et
303 787 444 873 fratrem,
466 788 568 871 siquis
590 787 714 874 modus,
737 789 823 873 eripe
846 789 953 873 morti,

67 889 120 948 aut
144 886 181 947 tu
205 883 290 946 bella
313 883 360 947 eie
384 888 635 968 conceptumque
658 889 770 950 excute
793 887 916 950 foedus:

66 985 177 1046 auctor
202 1000 261 1065 ego
286 980 442 1044 audendi?
488 980 534 1046 sie
557 981 725 1046 exhortata
747 983 879 1066 reliquit

67 1080 220 1142 incertam
244 1081 276 1141 et
299 1077 387 1142 tristi
410 1077 573 1142 turbatam
595 1078 724 1144 volnere
747 1079 872 1146 mentis.
924 1071 928 1080 ⁴
1027 1095 1078 1144 100

110 1163 237 1239 [nterea
259 1195 360 1260 reges,
383 1211 426 1220 -
450 1174 573 1259 ingenti
596 1176 681 1240 mole
703 1174 838 1240 Latinus

68 1272 257 1356 quadriiugo
282 1269 411 1334 vehitur
434 1292 539 1356 curru,
562 1272 613 1335 cui
636 1276 781 1355 tempora
804 1271 923 1336 circum

68 1371 170 1435 aurati
193 1370 244 1434 bis
269 1391 325 1433 sex
347 1368 428 1432 radii
450 1368 608 1455 fulgentia
631 1370 777 1454 cingunt,

70 1468 152 1534 Solis
176 1467 228 1531 avi
251 1466 424 1550 specimen3
446 1465 532 1550 bigis
555 1467 582 1530 it
605 1467 731 1532 Turnus
755 1467 790 1532 in
812 1466 904 1551 albis,

70 1567 143 1630 bina
166 1586 263 1628 manu
286 1564 353 1627 lato
377 1563 520 1646 crispans
543 1563 673 1628 hastilia
695 1564 794 1648 ferr05
1029 1579 1077 1628 rea

69 1664 142 1727 hinc
164 1665 256 1746 pater
279 1659 414 1744 Aeneas,
436 1659 599 1724 Romanae
623 1661 734 1743 stirpis
758 1659 860 1745 orig0,

71 1761 190 1824 sidereo
214 1757 355 1842 flagrans
379 1757 480 1840 clipeo
504 1760 536 1824 et
559 1757 750 1822 caelestibus
774 1757 881 1841 armis,

70 1862 101 1922 et
123 1857 213 1920 iuxta
236 1853 404 1938 Ascanius,
426 1874 560 1938 magnae
585 1876 657 1938 spes
681 1855 780 1918 altera
803 1853 934 1938 Romae,
957 1890 999 1899 —

70 1954 243 2038 procedunt
260 1951 390 2036 eastris,
411 1973 554 2034 puraque
577 1951 611 2014 in
633 1955 721 2016 veste
745 1949 890 2014 sacerdos

70 2047 220 2135 saetigeri
242 2049 344 2112 fetum
367 2048 434 2110 suis
457 2039 681 2131 intonsamque
704 2048 866 2112 bidentem
1029 2065 1078 2114 170

70 2149 179 2212 attulit
202 2145 407 2228 admovitque
429 2167 525 2228 pecus
549 2144 760 2229 flagrantibus
784 2145 857 2208 aris.

70 2246 118 2310 illi
140 2244 181 2308 ad
204 2246 389 2328 surgentem
412 2242 557 2306 conversi
580 2242 702 2306 lumina
725 2242 822 2306 solem

70 2343 146 2406 dant
170 2341 279 2426 fruges
302 2337 450 2402 manibus
474 2339 574 2404 salsas
598 2343 629 2402 et
652 2343 796 2422 tempora
819 2339 903 2403 ferro

71 2461 193 2503 summa
215 2439 331 2501 notant
354 2435 508 2518 pecudum
531 2437 714 2519 paterisque
738 2435 851 2499 altaria
873 2435 984 2499 libant.

69 2541 138 2600 tum
162 2534 235 2619 pius
259 2531 383 2596 Aeneas
408 2532 519 2596 stricto
544 2533 589 2596 sie
613 2555 687 2598 ense
706 2536 865 2616 precatur:
1028 2550 1078 2598 175

71 2634 151 2697 ‘esto
175 2652 261 2695 nunc
284 2627 341 2694 Sol
364 2629 457 2694 testis
481 2629 612 2694 ethaeo
635 2630 715 2694 mihi
733 2629 831 2694 Terra
853 2620 990 2715 vocanti,

70 2753 167 2814 quam
189 2731 322 2812 propter
344 2730 452 2790 tantos
475 2727 568 2810 potui
591 2727 730 2811 perferre
753 2727 889 2812 labores,

70 2833 102 2891 et
123 2830 217 2910 pater
240 2824 442 2907 omnipotens
465 2826 497 2887 et
520 2827 566 2909 tu,
590 2821 740 2888 Saturnia
763 2824 902 2888 coniunx

70 2923 149 3008 (iarn
172 2921 296 3004 melior,
318 2921 391 3006 11111,
414 2920 495 3004 diva,
517 2921 654 3007 precor),
676 2925 776 3004 tuque
798 2921 917 2986 inclute
940 2921 1080 3007 Mavors,

71 3025 184 3086 cuncta
206 3022 263 3083 tuo
289 3018 344 3101 qui
367 3017 459 3102 bella,
482 3022 582 3103 pater,
605 3019 665 3082 sub
688 3018 818 3083 numine
836 3021 980 3102 torques3
1028 3035 1080 3085 180

70 3121 235 3204 fontisque
258 3117 438 3200 fluviosque
461 3137 550 3201 1010,
573 3138 716 3202 quaeque
739 3115 877 3180 aetheris
901 3115 959 3180 alti

71 3218 185 3303 religio
210 3219 241 3280 et
265 3236 345 3299 quae
369 3213 512 3278 caeruleo
537 3217 611 3278 sunt
634 3213 765 3278 numina
788 3216 901 3295 ponto:

71 3313 202 3378 cesserit
225 3311 370 3376 Ausonio
396 3311 423 3374 si
447 3311 512 3373 fors
536 3309 670 3373 victoria
692 3307 811 3392 Turne,

71 3410 220 3475 convenit
244 3409 388 3472 Euandri
411 3407 513 3470 victos
537 3405 695 3469 discedere
718 3404 758 3467 ad
781 3405 900 3483 urbem,

72 3507 161 3572 cedet
184 3505 274 3572 Iulus
298 3506 394 3590 agris,
415 3525 474 3570 nec
496 3507 570 3586 post
594 3525 681 3568 arma
704 3501 770 3564 ulla
793 3502 928 3566 rebelles
1001 3578 1003 3583 ³
1030 3517 1080 3566 185

124 3623 234 3661 Basanon
244 3648 249 3670 ,
259 3620 344 3669 Vergil.
885 3612 917 3657 25
