<?xml version="1.0" encoding="UTF-8"?>
<!DOCTYPE html PUBLIC "-//W3C//DTD XHTML 1.0 Transitional//EN"
    "http://www.w3.org/TR/xhtml1/DTD/xhtml1-transitional.dtd">
<html xmlns="http://www.w3.org/1999/xhtml" xml:lang="en" lang="en">
 <head>
  <title>
</title>
<meta http-equiv="Content-Type" content="text/html;charset=utf-8" />
  <meta name='ocr-system' content='tesseract 3.04.00' />
  <meta name='ocr-capabilities' content='ocr_page ocr_carea ocr_par ocr_line ocrx_word'/>
</head>
<body>
  <div class='ocr_page' id='page_1' title='image "./pvergilimaronis11virggoog/pvergilimaronis11virggoog_0163.png"; bbox 0 0 2574 3964; ppageno 0'>
   <div class='ocr_carea' id='block_1_1' title="bbox 172 239 833 308">
    <p class='ocr_par' dir='ltr' id='par_1_1' title="bbox 172 239 833 308">
     <span class='ocr_line' id='line_1_1' title="bbox 172 239 833 308; baseline -0.02 -2"><span class='ocrx_word' id='word_1_1' title='bbox 172 243 237 308; x_wconf 88' lang='lat'>110</span> <span class='ocrx_word' id='word_1_2' title='bbox 502 240 652 295; x_wconf 83' lang='lat' dir='ltr'>VERGILI</span> <span class='ocrx_word' id='word_1_3' title='bbox 672 239 833 294; x_wconf 82' lang='lat' dir='ltr'><strong>AENEISI</strong></span> 
     </span>
    </p>
   </div>
   <div class='ocr_carea' id='block_1_2' title="bbox 100 401 1195 3588">
    <p class='ocr_par' dir='ltr' id='par_1_2' title="bbox 100 401 1195 2328">
     <span class='ocr_line' id='line_1_2' title="bbox 100 401 1060 486; baseline -0.002 -18"><span class='ocrx_word' id='word_1_4' title='bbox 100 424 104 453; x_wconf 67' lang='lat'>³</span> <span class='ocrx_word' id='word_1_5' title='bbox 169 404 273 468; x_wconf 86' lang='lat' dir='ltr'>multa</span> <span class='ocrx_word' id='word_1_6' title='bbox 294 404 398 467; x_wconf 88' lang='lat' dir='ltr'>malus</span> <span class='ocrx_word' id='word_1_7' title='bbox 423 403 579 467; x_wconf 85' lang='lat' dir='ltr'><strong>simulans</strong></span> <span class='ocrx_word' id='word_1_8' title='bbox 602 425 685 466; x_wconf 86' lang='lat' dir='ltr'>vana</span> <span class='ocrx_word' id='word_1_9' title='bbox 708 423 764 486; x_wconf 86' lang='lat' dir='ltr'>spe</span> <span class='ocrx_word' id='word_1_10' title='bbox 786 401 866 466; x_wconf 89' lang='lat' dir='ltr'>lusit</span> <span class='ocrx_word' id='word_1_11' title='bbox 890 405 1060 466; x_wconf 84' lang='lat' dir='ltr'>amantem.</span> 
     </span>
     <span class='ocr_line' id='line_1_3' title="bbox 171 499 947 585; baseline 0 -21"><span class='ocrx_word' id='word_1_12' title='bbox 171 502 241 585; x_wconf 84' lang='lat' dir='ltr'>ipsa</span> <span class='ocrx_word' id='word_1_13' title='bbox 264 500 377 564; x_wconf 87' lang='lat' dir='ltr'>sedin</span> <span class='ocrx_word' id='word_1_14' title='bbox 400 499 520 564; x_wconf 86' lang='lat' dir='ltr'>somnis</span> <span class='ocrx_word' id='word_1_15' title='bbox 544 499 704 564; x_wconf 88' lang='lat' dir='ltr'>inhumati</span> <span class='ocrx_word' id='word_1_16' title='bbox 727 500 817 563; x_wconf 88' lang='lat' dir='ltr'>venit</span> <span class='ocrx_word' id='word_1_17' title='bbox 839 499 947 584; x_wconf 83' lang='lat' dir='ltr'><strong>imago</strong></span> 
     </span>
     <span class='ocr_line' id='line_1_4' title="bbox 171 596 971 681; baseline 0.001 -22"><span class='ocrx_word' id='word_1_18' title='bbox 171 597 330 681; x_wconf 80' lang='lat' dir='ltr'>coniugis3</span> <span class='ocrx_word' id='word_1_19' title='bbox 355 618 411 660; x_wconf 90' lang='lat' dir='ltr'>ora</span> <span class='ocrx_word' id='word_1_20' title='bbox 432 596 537 660; x_wconf 91' lang='lat' dir='ltr'>modis</span> <span class='ocrx_word' id='word_1_21' title='bbox 561 596 714 660; x_wconf 90' lang='lat' dir='ltr'>attollens</span> <span class='ocrx_word' id='word_1_22' title='bbox 736 597 858 680; x_wconf 85' lang='lat' dir='ltr'>pallida</span> <span class='ocrx_word' id='word_1_23' title='bbox 879 597 971 660; x_wconf 87' lang='lat' dir='ltr'>miris</span> 
     </span>
     <span class='ocr_line' id='line_1_5' title="bbox 172 693 1195 776; baseline 0.004 -20"><span class='ocrx_word' id='word_1_24' title='bbox 172 693 308 757; x_wconf 86' lang='lat' dir='ltr'>crudelis</span> <span class='ocrx_word' id='word_1_25' title='bbox 332 715 403 757; x_wconf 89' lang='lat' dir='ltr'>aras</span> <span class='ocrx_word' id='word_1_26' title='bbox 426 693 624 775; x_wconf 85' lang='lat' dir='ltr'>traiectaque</span> <span class='ocrx_word' id='word_1_27' title='bbox 646 697 777 776; x_wconf 84' lang='lat' dir='ltr'>pectora</span> <span class='ocrx_word' id='word_1_28' title='bbox 799 694 884 757; x_wconf 89' lang='lat' dir='ltr'>ferro</span> <span class='ocrx_word' id='word_1_29' title='bbox 1137 712 1195 760; x_wconf 79' lang='lat'>355</span> 
     </span>
     <span class='ocr_line' id='line_1_6' title="bbox 172 789 1049 874; baseline 0.002 -22"><span class='ocrx_word' id='word_1_30' title='bbox 172 790 306 855; x_wconf 86' lang='lat' dir='ltr'>nudavit</span> <span class='ocrx_word' id='word_1_31' title='bbox 329 811 518 874; x_wconf 88' lang='lat' dir='ltr'>caecumque</span> <span class='ocrx_word' id='word_1_32' title='bbox 541 789 654 853; x_wconf 90' lang='lat' dir='ltr'>domus</span> <span class='ocrx_word' id='word_1_33' title='bbox 679 789 783 854; x_wconf 88' lang='lat' dir='ltr'>scelus</span> <span class='ocrx_word' id='word_1_34' title='bbox 807 812 900 854; x_wconf 89' lang='lat' dir='ltr'>omne</span> <span class='ocrx_word' id='word_1_35' title='bbox 923 792 1049 855; x_wconf 87' lang='lat' dir='ltr'>retexit.</span> 
     </span>
     <span class='ocr_line' id='line_1_7' title="bbox 173 887 1052 974; baseline 0.002 -24"><span class='ocrx_word' id='word_1_36' title='bbox 173 891 244 950; x_wconf 93' lang='lat' dir='ltr'>tum</span> <span class='ocrx_word' id='word_1_37' title='bbox 267 887 403 952; x_wconf 86' lang='lat' dir='ltr'>celerare</span> <span class='ocrx_word' id='word_1_38' title='bbox 426 887 536 972; x_wconf 86' lang='lat' dir='ltr'>fugam</span> <span class='ocrx_word' id='word_1_39' title='bbox 558 887 728 970; x_wconf 89' lang='lat' dir='ltr'>patriaque</span> <span class='ocrx_word' id='word_1_40' title='bbox 751 887 898 950; x_wconf 81' lang='lat' dir='ltr'>excedere</span> <span class='ocrx_word' id='word_1_41' title='bbox 922 887 1052 974; x_wconf 79' lang='lat' dir='ltr'>suadet,</span> 
     </span>
     <span class='ocr_line' id='line_1_8' title="bbox 173 983 921 1069; baseline 0 -22"><span class='ocrx_word' id='word_1_42' title='bbox 173 983 391 1069; x_wconf 85' lang='lat' dir='ltr'>auxiliumque</span> <span class='ocrx_word' id='word_1_43' title='bbox 413 984 483 1047; x_wconf 83' lang='lat' dir='ltr'>viae</span> <span class='ocrx_word' id='word_1_44' title='bbox 505 983 624 1048; x_wconf 83' lang='lat' dir='ltr'>veteris</span> <span class='ocrx_word' id='word_1_45' title='bbox 647 983 763 1047; x_wconf 89' lang='lat' dir='ltr'>tellure</span> <span class='ocrx_word' id='word_1_46' title='bbox 785 984 921 1047; x_wconf 74' lang='lat' dir='ltr'>recludit</span> 
     </span>
     <span class='ocr_line' id='line_1_9' title="bbox 172 1080 1005 1165; baseline 0 -21"><span class='ocrx_word' id='word_1_47' title='bbox 172 1080 380 1165; x_wconf 87' lang='lat' dir='ltr'>thensauros,</span> <span class='ocrx_word' id='word_1_48' title='bbox 401 1081 552 1165; x_wconf 88' lang='lat' dir='ltr'>ignotum</span> <span class='ocrx_word' id='word_1_49' title='bbox 574 1080 700 1165; x_wconf 89' lang='lat' dir='ltr'>argenti</span> <span class='ocrx_word' id='word_1_50' title='bbox 722 1081 847 1163; x_wconf 90' lang='lat' dir='ltr'>pondus</span> <span class='ocrx_word' id='word_1_51' title='bbox 871 1084 904 1144; x_wconf 86' lang='lat' dir='ltr'>et</span> <span class='ocrx_word' id='word_1_52' title='bbox 927 1081 1005 1144; x_wconf 87' lang='lat' dir='ltr'>auri.</span> 
     </span>
     <span class='ocr_line' id='line_1_10' title="bbox 172 1175 1195 1262; baseline 0.004 -20"><span class='ocrx_word' id='word_1_53' title='bbox 172 1177 225 1241; x_wconf 90' lang='lat' dir='ltr'>his</span> <span class='ocrx_word' id='word_1_54' title='bbox 248 1182 407 1242; x_wconf 88' lang='lat' dir='ltr'>commota</span> <span class='ocrx_word' id='word_1_55' title='bbox 429 1177 539 1262; x_wconf 84' lang='lat' dir='ltr'>fugam</span> <span class='ocrx_word' id='word_1_56' title='bbox 562 1175 646 1241; x_wconf 91' lang='lat' dir='ltr'>Dido</span> <span class='ocrx_word' id='word_1_57' title='bbox 671 1177 839 1260; x_wconf 87' lang='lat' dir='ltr'>sociosque</span> <span class='ocrx_word' id='word_1_58' title='bbox 861 1177 1004 1260; x_wconf 86' lang='lat' dir='ltr'>parabat.</span> <span class='ocrx_word' id='word_1_59' title='bbox 1137 1197 1195 1245; x_wconf 81' lang='lat'>360</span> 
     </span>
     <span class='ocr_line' id='line_1_11' title="bbox 174 1273 1022 1358; baseline -0.001 -19"><span class='ocrx_word' id='word_1_60' title='bbox 174 1275 368 1339; x_wconf 86' lang='lat' dir='ltr'>conveniunt</span> <span class='ocrx_word' id='word_1_61' title='bbox 392 1273 509 1358; x_wconf 90' lang='lat' dir='ltr'>quibus</span> <span class='ocrx_word' id='word_1_62' title='bbox 533 1278 589 1338; x_wconf 90' lang='lat' dir='ltr'>aut</span> <span class='ocrx_word' id='word_1_63' title='bbox 612 1274 721 1338; x_wconf 91' lang='lat' dir='ltr'>odium</span> <span class='ocrx_word' id='word_1_64' title='bbox 744 1274 869 1338; x_wconf 90' lang='lat' dir='ltr'>crudele</span> <span class='ocrx_word' id='word_1_65' title='bbox 891 1275 1022 1358; x_wconf 89' lang='lat' dir='ltr'>tyranni</span> 
     </span>
     <span class='ocr_line' id='line_1_12' title="bbox 174 1371 1069 1458; baseline 0.002 -24"><span class='ocrx_word' id='word_1_66' title='bbox 174 1375 230 1434; x_wconf 90' lang='lat' dir='ltr'>aut</span> <span class='ocrx_word' id='word_1_67' title='bbox 252 1374 358 1435; x_wconf 91' lang='lat' dir='ltr'>metus</span> <span class='ocrx_word' id='word_1_68' title='bbox 382 1392 453 1435; x_wconf 89' lang='lat' dir='ltr'>acer</span> <span class='ocrx_word' id='word_1_69' title='bbox 476 1374 559 1455; x_wconf 80' lang='lat' dir='ltr'>erat3</span> <span class='ocrx_word' id='word_1_70' title='bbox 581 1371 689 1458; x_wconf 82' lang='lat' dir='ltr'>navis,</span> <span class='ocrx_word' id='word_1_71' title='bbox 711 1392 793 1454; x_wconf 88' lang='lat' dir='ltr'>quae</span> <span class='ocrx_word' id='word_1_72' title='bbox 815 1371 900 1434; x_wconf 87' lang='lat' dir='ltr'>forte</span> <span class='ocrx_word' id='word_1_73' title='bbox 922 1376 1069 1457; x_wconf 88' lang='lat' dir='ltr'>paratae,</span> 
     </span>
     <span class='ocr_line' id='line_1_13' title="bbox 174 1467 1011 1550; baseline 0.002 -20"><span class='ocrx_word' id='word_1_74' title='bbox 174 1467 352 1550; x_wconf 87' lang='lat' dir='ltr'>corripiunt</span> <span class='ocrx_word' id='word_1_75' title='bbox 376 1470 572 1550; x_wconf 76' lang='lat' dir='ltr'>onerantque</span> <span class='ocrx_word' id='word_1_76' title='bbox 597 1489 683 1532; x_wconf 90' lang='lat' dir='ltr'>auro.</span> <span class='ocrx_word' id='word_1_77' title='bbox 728 1471 901 1550; x_wconf 88' lang='lat' dir='ltr'>portantur</span> <span class='ocrx_word' id='word_1_78' title='bbox 923 1469 1011 1532; x_wconf 89' lang='lat' dir='ltr'>avari</span> 
     </span>
     <span class='ocr_line' id='line_1_14' title="bbox 174 1563 984 1648; baseline 0.002 -21"><span class='ocrx_word' id='word_1_79' title='bbox 174 1563 394 1648; x_wconf 82' lang='lat' dir='ltr'>Pygmalionis</span> <span class='ocrx_word' id='word_1_80' title='bbox 418 1585 494 1646; x_wconf 88' lang='lat' dir='ltr'>opes</span> <span class='ocrx_word' id='word_1_81' title='bbox 517 1563 645 1648; x_wconf 72' lang='lat' dir='ltr'>pelago,</span> <span class='ocrx_word' id='word_1_82' title='bbox 669 1564 733 1628; x_wconf 85' lang='lat' dir='ltr'>dux</span> <span class='ocrx_word' id='word_1_83' title='bbox 756 1563 876 1628; x_wconf 87' lang='lat' dir='ltr'>femina</span> <span class='ocrx_word' id='word_1_84' title='bbox 897 1564 984 1630; x_wconf 82' lang='lat' dir='ltr'>facti.</span> 
     </span>
     <span class='ocr_line' id='line_1_15' title="bbox 175 1660 1195 1746; baseline 0.007 -23"><span class='ocrx_word' id='word_1_85' title='bbox 175 1661 327 1725; x_wconf 84' lang='lat' dir='ltr'>devenere</span> <span class='ocrx_word' id='word_1_86' title='bbox 349 1661 454 1745; x_wconf 92' lang='lat' dir='ltr'>locos,</span> <span class='ocrx_word' id='word_1_87' title='bbox 475 1660 533 1724; x_wconf 91' lang='lat' dir='ltr'>ubi</span> <span class='ocrx_word' id='word_1_88' title='bbox 554 1682 640 1724; x_wconf 88' lang='lat' dir='ltr'>nunc</span> <span class='ocrx_word' id='word_1_89' title='bbox 662 1661 808 1746; x_wconf 86' lang='lat' dir='ltr'>ingentia</span> <span class='ocrx_word' id='word_1_90' title='bbox 830 1683 939 1726; x_wconf 87' lang='lat' dir='ltr'>cernes</span> <span class='ocrx_word' id='word_1_91' title='bbox 1137 1683 1195 1732; x_wconf 73' lang='lat' dir='ltr'>aas</span> 
     </span>
     <span class='ocr_line' id='line_1_16' title="bbox 175 1756 1066 1843; baseline 0.006 -23"><span class='ocrx_word' id='word_1_92' title='bbox 175 1757 301 1822; x_wconf 88' lang='lat' dir='ltr'>moenia</span> <span class='ocrx_word' id='word_1_93' title='bbox 324 1761 571 1841; x_wconf 80' lang='lat' dir='ltr'>surgentemque</span> <span class='ocrx_word' id='word_1_94' title='bbox 592 1779 695 1822; x_wconf 84' lang='lat' dir='ltr'>novae</span> <span class='ocrx_word' id='word_1_95' title='bbox 717 1756 928 1843; x_wconf 83' lang='lat' dir='ltr'>Karthaginis</span> <span class='ocrx_word' id='word_1_96' title='bbox 952 1781 1066 1825; x_wconf 87' lang='lat' dir='ltr'>arcem.</span> 
     </span>
     <span class='ocr_line' id='line_1_17' title="bbox 177 1854 1012 1942; baseline 0 -24"><span class='ocrx_word' id='word_1_97' title='bbox 177 1855 383 1939; x_wconf 90' lang='lat' dir='ltr'>[mercatique</span> <span class='ocrx_word' id='word_1_98' title='bbox 407 1855 526 1939; x_wconf 89' lang='lat' dir='ltr'>solum,</span> <span class='ocrx_word' id='word_1_99' title='bbox 547 1854 624 1918; x_wconf 85' lang='lat' dir='ltr'>facti</span> <span class='ocrx_word' id='word_1_100' title='bbox 647 1855 685 1918; x_wconf 90' lang='lat' dir='ltr'>de</span> <span class='ocrx_word' id='word_1_101' title='bbox 708 1854 837 1918; x_wconf 89' lang='lat' dir='ltr'>nomine</span> <span class='ocrx_word' id='word_1_102' title='bbox 861 1854 1012 1942; x_wconf 80' lang='lat' dir='ltr'>Byrsam,</span> 
     </span>
     <span class='ocr_line' id='line_1_18' title="bbox 175 1950 1103 2036; baseline 0 -21"><span class='ocrx_word' id='word_1_103' title='bbox 175 1953 303 2016; x_wconf 89' lang='lat' dir='ltr'>taurino</span> <span class='ocrx_word' id='word_1_104' title='bbox 328 1955 485 2036; x_wconf 89' lang='lat' dir='ltr'>quantum</span> <span class='ocrx_word' id='word_1_105' title='bbox 506 1955 640 2034; x_wconf 88' lang='lat' dir='ltr'>possent</span> <span class='ocrx_word' id='word_1_106' title='bbox 663 1950 857 2014; x_wconf 86' lang='lat' dir='ltr'>circumdare</span> <span class='ocrx_word' id='word_1_107' title='bbox 880 1952 996 2036; x_wconf 84' lang='lat' dir='ltr'>tergo]</span> <span class='ocrx_word' id='word_1_108' title='bbox 1100 1993 1103 2000; x_wconf 70' lang='lat'>,</span> 
     </span>
     <span class='ocr_line' id='line_1_19' title="bbox 176 2047 1176 2136; baseline 0.002 -24"><span class='ocrx_word' id='word_1_109' title='bbox 176 2050 311 2114; x_wconf 80' lang='lat' dir='ltr'>aeduos</span> <span class='ocrx_word' id='word_1_110' title='bbox 334 2048 390 2132; x_wconf 91' lang='lat' dir='ltr'>qui</span> <span class='ocrx_word' id='word_1_111' title='bbox 413 2048 542 2111; x_wconf 88' lang='lat' dir='ltr'>tandem</span> <span class='ocrx_word' id='word_1_112' title='bbox 564 2047 682 2132; x_wconf 90' lang='lat' dir='ltr'>quibus</span> <span class='ocrx_word' id='word_1_113' title='bbox 707 2052 763 2110; x_wconf 91' lang='lat' dir='ltr'>aut</span> <span class='ocrx_word' id='word_1_114' title='bbox 784 2049 919 2112; x_wconf 86' lang='lat' dir='ltr'>venistis</span> <span class='ocrx_word' id='word_1_115' title='bbox 944 2049 983 2112; x_wconf 92' lang='lat' dir='ltr'>ab</span> <span class='ocrx_word' id='word_1_116' title='bbox 1008 2051 1091 2136; x_wconf 90' lang='lat' dir='ltr'>oris,</span> <span class='ocrx_word' id='word_1_117' title='bbox 1127 2106 1129 2110; x_wconf 91' lang='lat'><em>.</em></span> <span class='ocrx_word' id='word_1_118' title='bbox 1169 2067 1176 2074; x_wconf 91' lang='lat'>&#39;</span> 
     </span>
     <span class='ocr_line' id='line_1_20' title="bbox 176 2144 1195 2230; baseline 0.005 -20"><span class='ocrx_word' id='word_1_119' title='bbox 176 2168 279 2230; x_wconf 80' lang='lat' dir='ltr'>quove</span> <span class='ocrx_word' id='word_1_120' title='bbox 301 2145 419 2209; x_wconf 88' lang='lat' dir='ltr'>tenetis</span> <span class='ocrx_word' id='word_1_121' title='bbox 443 2144 542 2208; x_wconf 81' lang='lat' dir='ltr'>iter?&#39;</span> <span class='ocrx_word' id='word_1_122' title='bbox 567 2144 734 2228; x_wconf 88' lang='lat' dir='ltr'>quaerenti</span> <span class='ocrx_word' id='word_1_123' title='bbox 756 2145 877 2209; x_wconf 88' lang='lat' dir='ltr'>talibus</span> <span class='ocrx_word' id='word_1_124' title='bbox 900 2147 955 2210; x_wconf 90' lang='lat' dir='ltr'>ille</span> <span class='ocrx_word' id='word_1_125' title='bbox 1139 2169 1195 2216; x_wconf 75' lang='lat'>370</span> 
     </span>
     <span class='ocr_line' id='line_1_21' title="bbox 176 2241 970 2328; baseline -0.003 -20"><span class='ocrx_word' id='word_1_126' title='bbox 176 2244 340 2328; x_wconf 86' lang='lat' dir='ltr'>suspirans</span> <span class='ocrx_word' id='word_1_127' title='bbox 362 2241 492 2324; x_wconf 91' lang='lat' dir='ltr'>imoque</span> <span class='ocrx_word' id='word_1_128' title='bbox 514 2242 646 2306; x_wconf 86' lang='lat' dir='ltr'>trahens</span> <span class='ocrx_word' id='word_1_129' title='bbox 669 2264 687 2306; x_wconf 86' lang='lat' dir='ltr'>a</span> <span class='ocrx_word' id='word_1_130' title='bbox 710 2244 838 2324; x_wconf 77' lang='lat' dir='ltr'>pectore</span> <span class='ocrx_word' id='word_1_131' title='bbox 860 2263 970 2306; x_wconf 88' lang='lat' dir='ltr'>vocem</span> 
     </span>
    </p>

    <p class='ocr_par' dir='ltr' id='par_1_3' title="bbox 173 2338 1194 3588">
     <span class='ocr_line' id='line_1_22' title="bbox 220 2338 1067 2427; baseline 0.001 -23"><span class='ocrx_word' id='word_1_132' title='bbox 220 2340 250 2404; x_wconf 75' lang='lat' dir='ltr'>‘o</span> <span class='ocrx_word' id='word_1_133' title='bbox 274 2339 345 2424; x_wconf 90' lang='lat' dir='ltr'>dea,</span> <span class='ocrx_word' id='word_1_134' title='bbox 368 2338 396 2402; x_wconf 90' lang='lat' dir='ltr'>si</span> <span class='ocrx_word' id='word_1_135' title='bbox 418 2338 521 2421; x_wconf 88' lang='lat' dir='ltr'>prima</span> <span class='ocrx_word' id='word_1_136' title='bbox 543 2341 689 2422; x_wconf 82' lang='lat' dir='ltr'>repetens</span> <span class='ocrx_word' id='word_1_137' title='bbox 713 2338 753 2402; x_wconf 89' lang='lat' dir='ltr'>ab</span> <span class='ocrx_word' id='word_1_138' title='bbox 777 2339 899 2423; x_wconf 84' lang='lat' dir='ltr'>origine</span> <span class='ocrx_word' id='word_1_139' title='bbox 921 2361 1067 2427; x_wconf 83' lang='lat' dir='ltr'>pergam,</span> 
     </span>
     <span class='ocr_line' id='line_1_23' title="bbox 175 2435 995 2522; baseline -0.004 -20"><span class='ocrx_word' id='word_1_140' title='bbox 175 2442 207 2502; x_wconf 92' lang='lat' dir='ltr'>et</span> <span class='ocrx_word' id='word_1_141' title='bbox 229 2441 320 2501; x_wconf 88' lang='lat' dir='ltr'>vacet</span> <span class='ocrx_word' id='word_1_142' title='bbox 344 2435 471 2500; x_wconf 89' lang='lat' dir='ltr'>annalis</span> <span class='ocrx_word' id='word_1_143' title='bbox 490 2438 678 2498; x_wconf 89' lang='lat' dir='ltr'>nostrorum</span> <span class='ocrx_word' id='word_1_144' title='bbox 701 2435 811 2499; x_wconf 86' lang='lat' dir='ltr'>audire</span> <span class='ocrx_word' id='word_1_145' title='bbox 834 2437 995 2522; x_wconf 90' lang='lat' dir='ltr'>laborum,</span> 
     </span>
     <span class='ocr_line' id='line_1_24' title="bbox 175 2530 995 2617; baseline 0 -19"><span class='ocrx_word' id='word_1_146' title='bbox 175 2538 249 2598; x_wconf 91' lang='lat' dir='ltr'>ante</span> <span class='ocrx_word' id='word_1_147' title='bbox 272 2534 356 2597; x_wconf 90' lang='lat' dir='ltr'>diem</span> <span class='ocrx_word' id='word_1_148' title='bbox 378 2532 486 2595; x_wconf 90' lang='lat' dir='ltr'>clauso</span> <span class='ocrx_word' id='word_1_149' title='bbox 510 2535 679 2614; x_wconf 88' lang='lat' dir='ltr'>componet</span> <span class='ocrx_word' id='word_1_150' title='bbox 702 2530 825 2615; x_wconf 89' lang='lat' dir='ltr'>Vesper</span> <span class='ocrx_word' id='word_1_151' title='bbox 849 2531 995 2617; x_wconf 87' lang='lat' dir='ltr'>Olympo.</span> 
     </span>
     <span class='ocr_line' id='line_1_25' title="bbox 174 2628 1194 2714; baseline 0.005 -19"><span class='ocrx_word' id='word_1_152' title='bbox 174 2653 234 2695; x_wconf 87' lang='lat' dir='ltr'>nos</span> <span class='ocrx_word' id='word_1_153' title='bbox 257 2630 354 2694; x_wconf 81' lang='lat' dir='ltr'>Troia</span> <span class='ocrx_word' id='word_1_154' title='bbox 377 2629 523 2714; x_wconf 85' lang='lat' dir='ltr'>antiqua,</span> <span class='ocrx_word' id='word_1_155' title='bbox 547 2628 575 2691; x_wconf 88' lang='lat' dir='ltr'>si</span> <span class='ocrx_word' id='word_1_156' title='bbox 597 2632 720 2692; x_wconf 86' lang='lat' dir='ltr'>vestras</span> <span class='ocrx_word' id='word_1_157' title='bbox 744 2628 828 2692; x_wconf 89' lang='lat' dir='ltr'>forte</span> <span class='ocrx_word' id='word_1_158' title='bbox 850 2651 907 2712; x_wconf 92' lang='lat' dir='ltr'>per</span> <span class='ocrx_word' id='word_1_159' title='bbox 931 2631 1017 2694; x_wconf 87' lang='lat' dir='ltr'>auris</span> <span class='ocrx_word' id='word_1_160' title='bbox 1137 2652 1194 2700; x_wconf 79' lang='lat'>375</span> 
     </span>
     <span class='ocr_line' id='line_1_26' title="bbox 175 2724 1025 2810; baseline 0.001 -20"><span class='ocrx_word' id='word_1_161' title='bbox 175 2727 289 2791; x_wconf 88' lang='lat' dir='ltr'>Troiae</span> <span class='ocrx_word' id='word_1_162' title='bbox 311 2747 429 2791; x_wconf 90' lang='lat' dir='ltr'>nomen</span> <span class='ocrx_word' id='word_1_163' title='bbox 450 2725 504 2810; x_wconf 91' lang='lat' dir='ltr'>iit,</span> <span class='ocrx_word' id='word_1_164' title='bbox 528 2724 652 2788; x_wconf 88' lang='lat' dir='ltr'>diversa</span> <span class='ocrx_word' id='word_1_165' title='bbox 674 2747 732 2808; x_wconf 89' lang='lat' dir='ltr'>per</span> <span class='ocrx_word' id='word_1_166' title='bbox 755 2747 893 2810; x_wconf 89' lang='lat' dir='ltr'>aequora</span> <span class='ocrx_word' id='word_1_167' title='bbox 916 2731 1025 2791; x_wconf 88' lang='lat' dir='ltr'>vectos</span> 
     </span>
     <span class='ocr_line' id='line_1_27' title="bbox 174 2821 936 2906; baseline 0 -18"><span class='ocrx_word' id='word_1_168' title='bbox 174 2826 259 2888; x_wconf 88' lang='lat' dir='ltr'>forte</span> <span class='ocrx_word' id='word_1_169' title='bbox 282 2846 340 2887; x_wconf 91' lang='lat' dir='ltr'>sua</span> <span class='ocrx_word' id='word_1_170' title='bbox 362 2821 492 2905; x_wconf 88' lang='lat' dir='ltr'>Libycis</span> <span class='ocrx_word' id='word_1_171' title='bbox 515 2825 689 2904; x_wconf 85' lang='lat' dir='ltr'>tempestas</span> <span class='ocrx_word' id='word_1_172' title='bbox 713 2823 839 2906; x_wconf 84' lang='lat' dir='ltr'>appulit</span> <span class='ocrx_word' id='word_1_173' title='bbox 863 2823 936 2888; x_wconf 89' lang='lat' dir='ltr'>oris.</span> 
     </span>
     <span class='ocr_line' id='line_1_28' title="bbox 174 2918 1052 3005; baseline 0 -20"><span class='ocrx_word' id='word_1_174' title='bbox 174 2943 246 2986; x_wconf 85' lang='lat' dir='ltr'>sum</span> <span class='ocrx_word' id='word_1_175' title='bbox 268 2921 342 3005; x_wconf 91' lang='lat' dir='ltr'>pius</span> <span class='ocrx_word' id='word_1_176' title='bbox 365 2919 504 3004; x_wconf 85' lang='lat' dir='ltr'>Aeneas,</span> <span class='ocrx_word' id='word_1_177' title='bbox 526 2923 637 3002; x_wconf 89' lang='lat' dir='ltr'>raptos</span> <span class='ocrx_word' id='word_1_178' title='bbox 662 2918 718 3002; x_wconf 86' lang='lat' dir='ltr'>qui</span> <span class='ocrx_word' id='word_1_179' title='bbox 741 2940 780 2982; x_wconf 85' lang='lat' dir='ltr'>ex</span> <span class='ocrx_word' id='word_1_180' title='bbox 802 2919 896 2985; x_wconf 92' lang='lat' dir='ltr'>hoste</span> <span class='ocrx_word' id='word_1_181' title='bbox 918 2925 1052 3005; x_wconf 88' lang='lat' dir='ltr'>penates</span> 
     </span>
     <span class='ocr_line' id='line_1_29' title="bbox 175 3015 1047 3100; baseline 0 -18"><span class='ocrx_word' id='word_1_182' title='bbox 175 3019 274 3082; x_wconf 89' lang='lat' dir='ltr'>classe</span> <span class='ocrx_word' id='word_1_183' title='bbox 297 3017 378 3082; x_wconf 87' lang='lat' dir='ltr'>veho</span> <span class='ocrx_word' id='word_1_184' title='bbox 401 3037 538 3100; x_wconf 91' lang='lat' dir='ltr'>mecum,</span> <span class='ocrx_word' id='word_1_185' title='bbox 561 3015 646 3078; x_wconf 85' lang='lat' dir='ltr'>fama</span> <span class='ocrx_word' id='word_1_186' title='bbox 670 3037 766 3099; x_wconf 89' lang='lat' dir='ltr'>snper</span> <span class='ocrx_word' id='word_1_187' title='bbox 789 3017 918 3081; x_wconf 87' lang='lat' dir='ltr'>aethera</span> <span class='ocrx_word' id='word_1_188' title='bbox 939 3021 1047 3082; x_wconf 86' lang='lat' dir='ltr'>notus.</span> 
     </span>
     <span class='ocr_line' id='line_1_30' title="bbox 173 3112 1193 3198; baseline 0.005 -19"><span class='ocrx_word' id='word_1_189' title='bbox 173 3114 303 3179; x_wconf 88' lang='lat' dir='ltr'>Italiam</span> <span class='ocrx_word' id='word_1_190' title='bbox 321 3135 439 3198; x_wconf 87' lang='lat' dir='ltr'>quaero</span> <span class='ocrx_word' id='word_1_191' title='bbox 458 3112 594 3195; x_wconf 88' lang='lat' dir='ltr'>patriam</span> <span class='ocrx_word' id='word_1_192' title='bbox 615 3117 648 3176; x_wconf 92' lang='lat' dir='ltr'>et</span> <span class='ocrx_word' id='word_1_193' title='bbox 667 3134 769 3198; x_wconf 86' lang='lat' dir='ltr'>genus</span> <span class='ocrx_word' id='word_1_194' title='bbox 789 3113 829 3177; x_wconf 88' lang='lat' dir='ltr'>ab</span> <span class='ocrx_word' id='word_1_195' title='bbox 848 3113 924 3180; x_wconf 87' lang='lat' dir='ltr'>Iove</span> <span class='ocrx_word' id='word_1_196' title='bbox 943 3137 1078 3180; x_wconf 91' lang='lat' dir='ltr'>summo.</span> <span class='ocrx_word' id='word_1_197' title='bbox 1137 3135 1193 3185; x_wconf 83' lang='lat'>380</span> 
     </span>
     <span class='ocr_line' id='line_1_31' title="bbox 174 3209 1035 3296; baseline 0.001 -21"><span class='ocrx_word' id='word_1_198' title='bbox 174 3212 225 3277; x_wconf 92' lang='lat' dir='ltr'>bis</span> <span class='ocrx_word' id='word_1_199' title='bbox 248 3212 338 3276; x_wconf 89' lang='lat' dir='ltr'>denis</span> <span class='ocrx_word' id='word_1_200' title='bbox 361 3209 540 3294; x_wconf 86' lang='lat' dir='ltr'>Phr‘ygium</span> <span class='ocrx_word' id='word_1_201' title='bbox 563 3209 731 3274; x_wconf 90' lang='lat' dir='ltr'>conscendi</span> <span class='ocrx_word' id='word_1_202' title='bbox 753 3211 891 3275; x_wconf 87' lang='lat' dir='ltr'>navibus</span> <span class='ocrx_word' id='word_1_203' title='bbox 915 3233 1035 3296; x_wconf 89' lang='lat' dir='ltr'>aequor</span> 
     </span>
     <span class='ocr_line' id='line_1_32' title="bbox 173 3307 1039 3393; baseline -0.001 -19"><span class='ocrx_word' id='word_1_204' title='bbox 173 3314 276 3374; x_wconf 89' lang='lat' dir='ltr'>matre</span> <span class='ocrx_word' id='word_1_205' title='bbox 299 3309 357 3372; x_wconf 89' lang='lat' dir='ltr'>dea</span> <span class='ocrx_word' id='word_1_206' title='bbox 379 3310 580 3370; x_wconf 88' lang='lat' dir='ltr'>monstrante</span> <span class='ocrx_word' id='word_1_207' title='bbox 602 3307 687 3370; x_wconf 83' lang='lat' dir='ltr'>viam</span> <span class='ocrx_word' id='word_1_208' title='bbox 710 3307 785 3370; x_wconf 88' lang='lat' dir='ltr'>data</span> <span class='ocrx_word' id='word_1_209' title='bbox 807 3307 875 3372; x_wconf 87' lang='lat' dir='ltr'>fata</span> <span class='ocrx_word' id='word_1_210' title='bbox 898 3313 1039 3393; x_wconf 82' lang='lat' dir='ltr'>secutus3</span> 
     </span>
     <span class='ocr_line' id='line_1_33' title="bbox 173 3403 1052 3489; baseline -0.001 -17"><span class='ocrx_word' id='word_1_211' title='bbox 173 3408 228 3472; x_wconf 78' lang='lat' dir='ltr'>vix</span> <span class='ocrx_word' id='word_1_212' title='bbox 252 3409 375 3489; x_wconf 85' lang='lat' dir='ltr'>septem</span> <span class='ocrx_word' id='word_1_213' title='bbox 398 3403 566 3466; x_wconf 88' lang='lat' dir='ltr'>convolsae</span> <span class='ocrx_word' id='word_1_214' title='bbox 589 3404 682 3467; x_wconf 85' lang='lat' dir='ltr'>undis</span> <span class='ocrx_word' id='word_1_215' title='bbox 707 3426 846 3488; x_wconf 81' lang='lat' dir='ltr'>eumque</span> <span class='ocrx_word' id='word_1_216' title='bbox 870 3410 1052 3489; x_wconf 87' lang='lat' dir='ltr'>supersunt.</span> 
     </span>
     <span class='ocr_line' id='line_1_34' title="bbox 173 3497 982 3588; baseline -0.004 -19"><span class='ocrx_word' id='word_1_217' title='bbox 173 3505 242 3588; x_wconf 90' lang='lat' dir='ltr'>ipse</span> <span class='ocrx_word' id='word_1_218' title='bbox 264 3503 397 3586; x_wconf 91' lang='lat' dir='ltr'>ignotus</span> <span class='ocrx_word' id='word_1_219' title='bbox 421 3519 516 3582; x_wconf 88' lang='lat' dir='ltr'>egens</span> <span class='ocrx_word' id='word_1_220' title='bbox 540 3497 660 3582; x_wconf 84' lang='lat' dir='ltr'>Libyae</span> <span class='ocrx_word' id='word_1_221' title='bbox 684 3500 809 3564; x_wconf 86' lang='lat' dir='ltr'>deserta</span> <span class='ocrx_word' id='word_1_222' title='bbox 832 3523 982 3588; x_wconf 79' lang='lat' dir='ltr'>peregre,</span> 
     </span>
    </p>
   </div>
   <div class='ocr_carea' id='block_1_3' title="bbox 0 0 1295 3964">
    <p class='ocr_par' dir='ltr' id='par_1_4' title="bbox 0 0 1295 3964">
     <span class='ocr_line' id='line_1_35' title="bbox 0 0 1295 3964; baseline 0 0"><span class='ocrx_word' id='word_1_223' title='bbox 0 0 1295 3964; x_wconf 95' lang='lat' dir='ltr'> </span> 
     </span>
    </p>
   </div>
  </div>
 </body>
</html>
