2530 3960
455 208 700 266 CATALEPTON.

62 392 135 434 nec
157 370 240 434 ferre
264 370 378 433 durum
401 371 504 455 frigus
528 375 584 435 aut
608 376 731 436 aestum
754 372 823 455 pati

116 488 223 550 neque
247 489 334 530 arma
357 467 488 531 victoris
512 469 610 551 sequi.

62 565 195 649 valent,
217 563 324 627 valent
346 563 427 627 mihi
449 564 498 628 ira
520 570 552 628 et
576 565 700 630 anticus
722 567 812 630 furor

119 665 154 725 et
175 659 296 746 lingua,
318 681 381 743 qua
404 661 560 725 adsultem
582 661 651 726 tibi.

62 781 132 842 per
155 755 349 841 prostitutae
371 761 464 840 turpe
487 759 731 824 contubernium

119 853 241 920 sororis
265 875 350 943 —o
374 854 451 937 quid
472 877 524 919 me
546 855 682 920 incitas?

65 953 162 1036 quid,
185 950 332 1036 inpudice
355 955 388 1015 et
410 952 607 1035 inprobando
630 952 782 1019 Caesari?

118 1071 177 1114 seu
199 1049 286 1112 furta
308 1047 454 1112 dicantur
476 1053 533 1113 tua

65 1155 103 1211 et
128 1147 262 1210 beluato
286 1167 356 1210 sera
378 1146 572 1229 patrimonio

116 1245 155 1308 in
176 1244 276 1307 fratrc
298 1243 493 1326 parsimonia

64 1343 124 1407 vel
148 1345 219 1406 acta
241 1361 340 1424 puero
364 1361 436 1404 curn
459 1341 536 1405 viris
560 1343 705 1408 convivia

115 1439 263 1521 udaeque
285 1459 342 1520 per
364 1459 513 1503 somnum
534 1443 626 1504 nates

65 1543 103 1602 et
128 1535 232 1600 inscio
255 1537 385 1616 repente
407 1535 579 1600 clamatum
599 1536 729 1622 insuper

115 1632 285 1714 thalassio,
307 1630 470 1696 thalassio.

67 1731 154 1816 quid
176 1727 332 1813 palluisti‚
353 1727 493 1792 femina?
516 1753 557 1793 an
579 1731 642 1794 ioci
664 1731 795 1797 dolent?

117 1850 161 1892 an
183 1827 267 1890 facta
290 1825 456 1909 cognoscis
475 1827 552 1891 tua?

66 1951 139 1992 non
162 1947 213 1989 me
236 1921 366 1987 vocabis
389 1923 522 2007 pulchra
544 1947 601 2008 per
620 1923 765 2010 Cotyttia

117 2025 157 2088 ad
180 2021 313 2085 feriatos
335 2019 494 2084 fascinos?

67 2123 147 2187 dein
170 2124 203 2184 te
225 2138 352 2182 movere
375 2117 537 2182 lumbulos
560 2119 594 2183 in
617 2121 734 2186 caltula

116 2215 243 2302 prensis
266 2213 379 2278 videbo
403 2214 558 2279 altaribus

67 2319 256 2396 flavumque
279 2314 411 2395 propter
434 2311 590 2394 Thybrim
614 2314 735 2378 olentes
757 2315 923 2381 nauticum

117 2433 241 2495 vocare,
263 2408 320 2472 ubi
344 2408 495 2491 appulsae
518 2413 602 2472 rates

68 2532 170 2578 caeno
193 2510 336 2572 retentae
359 2504 487 2569 sordido
511 2509 598 2570 stant
620 2507 655 2570 in
678 2508 766 2573 vadis

115 2625 285 2688 macroque
306 2603 466 2666 luctantes
489 2603 592 2686 aqua?

67 2726 176 2789 neque
198 2703 233 2766 in
256 2700 394 2764 culinam
417 2704 449 2763 et
471 2705 568 2764 uncta
590 2702 774 2784 compitalia

117 2803 279 2884 dapesque
301 2797 395 2860 duces
419 2797 562 2861 sordidas

70 2901 192 2986 quibus
215 2895 356 2979 repletus
379 2896 416 2957 ut
439 2895 586 2959 salivoais
608 2895 708 2959 labris

117 2996 249 3061 obesam
272 2991 311 3055 ad
334 3011 466 3056 uxorem
487 2992 570 3055 redis

70 3100 104 3160 et
128 3093 311 3158 aestuantes
333 3092 427 3151 nocte
451 3089 549 3153 solvis
571 3091 724 3177 pantices,

117 3213 154 3256 os
176 3209 277 3272 usque
299 3185 414 3249 lambis
436 3185 552 3250 saviis⁵

69 3310 157 3353 nunc
179 3285 276 3370 laede,
298 3305 382 3346 nunc
404 3283 531 3369 lacesse,
553 3284 579 3347 si
603 3285 776 3369 quidquam
799 3287 897 3352 vales!

117 3387 149 3446 et
171 3402 288 3446 nornen
312 3380 455 3444 adscribo
479 3385 579 3444 tuum.

70 3480 200 3545 cinaede
223 3477 368 3563 Lucieno,
389 3477 553 3560 liquerunt
577 3499 651 3561 opes

866 3585 921 3638 29*
