2530 3960
169 217 236 278 424
630 216 730 270 CIRIS.

165 376 295 440 horrida
319 378 492 462 sanguinea
514 377 693 462 pinguntur
716 379 837 460 proelia
861 376 990 463 Gorg03

168 474 295 537 additur
319 479 431 538 aurata
454 475 593 538 deiectus
618 475 747 558 cuspide
770 473 918 558 Typhon,

168 571 224 654 qui
246 571 345 657 prius,
368 571 495 636 Ossaeis
519 574 726 636 consternens
750 571 880 634 aethera
903 571 1004 654 saxis,

168 667 320 732 Emathio
345 669 464 732 celsum
487 668 665 752 duplicarat
687 668 805 731 vertice
829 664 1017 749 Olympum.

168 764 238 847 tale
257 765 332 828 deae
354 765 461 829 velum
484 766 632 830 sollemni
654 770 799 848 tempore
828 767 973 847 portant,
1159 781 1192 828 35

169 861 227 925 tali
249 865 282 926 te
305 862 428 948 vellem,
451 863 602 926 iuvenum
625 862 817 945 doctissime,
840 861 907 924 ritu

169 979 346 1041 purpureos
370 959 455 1022 inter
479 960 562 1024 soles
587 963 619 1024 et
643 959 775 1022 candida
796 958 892 1022 lunae

171 1055 285 1142 sidera,
307 1056 460 1120 caeruleis
484 1058 595 1122 orbem
617 1055 779 1141 pulsantia
802 1054 898 1139 bigis,

169 1157 303 1218 naturae
326 1175 434 1218 rerum
456 1155 582 1239 magnis
604 1155 746 1218 intexere
770 1151 903 1216 chartis:

171 1254 335 1314 aeternum
359 1250 490 1334 sophiae
514 1252 720 1315 coniunctum
743 1249 883 1312 carmine
907 1269 1028 1311 nomen
1158 1265 1192 1312 40

170 1350 398 1411 nostratuum
423 1347 553 1412 senibus
576 1348 762 1431 loqueretur
785 1346 905 1430 pagina
928 1345 1054 1409 saeclis

173 1444 402 1528 sedquoniam
426 1444 463 1507 ad
487 1447 594 1508 tantas
620 1466 706 1507 nunc
733 1443 874 1526 primum
903 1441 1072 1506 nascimur
1097 1449 1193 1526 artes,

173 1563 260 1604 nunc
281 1541 422 1624 primum
445 1545 571 1605 teneros
595 1542 757 1605 firmamus
781 1540 897 1604 robore
920 1561 1047 1625 nervos,

173 1637 252 1702 haec
275 1641 389 1701 tamen·
405 1637 537 1723 interea,
560 1659 641 1722 quae
664 1659 843 1721 possumus,
866 1635 1041 1720 inquibus
1066 1638 1139 1700 aevi

174 1734 279 1818 prima
301 1732 483 1797 rudimenta
507 1738 539 1798 et
561 1735 690 1798 iuvenes
714 1735 876 1818 exegimus
901 1755 1013 1818 annos,
1160 1751 1192 1797 11

175 1831 283 1914 accipe
306 1831 389 1894 dona
412 1853 483 1895 meo
507 1832 645 1895 multum
667 1832 802 1916 vigilata
824 1831 935 1894 labore

174 1928 415 2012 promissaeque
439 1928 494 1992 diu
516 1929 581 1992 iam
604 1928 732 1992 tandem
755 1927 884 1992 exordia
908 1930 1061 2011 <curae>:

174 2023 274 2108 impia
296 2023 452 2108 prodigiis
476 2028 513 2088 ut
536 2024 697 2108 quondam
720 2023 874 2087 exterrita
897 2025 1018 2087 amoris

175 2117 282 2203 Scylla
305 2140 407 2182 noros
432 2119 540 2183 avium
563 2120 710 2184 sublimis
734 2121 768 2184 in
792 2126 863 2184 a'e‘re
886 2123 997 2184 coetus

174 2217 287 2281 viserit
310 2219 342 2279 et
364 2216 455 2280 tenui
478 2217 690 2281 conscendens
714 2217 817 2281 sidera
840 2217 940 2300 pinna

174 2313 327 2378 caeruleis
352 2334 410 2376 sua
431 2317 517 2377 tecta
541 2313 841 2396 supervolitaverit
865 2313 935 2397 alis,

173 2410 257 2474 hanc
278 2429 337 2493 pro
361 2433 521 2493 purpureo
545 2433 683 2494 poenam
706 2410 859 2474 scelerata
883 2410 1013 2495 capillo,

174 2527 233 2590 pro
256 2506 362 2590 patrio
388 2507 514 2570 solvens
538 2507 643 2571 excisa
666 2511 698 2571 et
718 2507 865 2571 funditus
885 2506 975 2570 urbe.

175 2603 354 2687 complures
377 2603 467 2666 illam
491 2607 522 2666 11
545 2605 663 2689 magni,
686 2603 846 2688 Messalla,
869 2607 985 2686 poetae

175 2699 264 2788 (nam
287 2721 398 2764 verum
420 2699 591 2764 fateamur:
615 2705 701 2764 amat
724 2700 943 2783 Polyhymnia
967 2699 1095 2789 verum)
1160 2721 1192 2768 11

176 2798 273 2882 longe
297 2796 360 2860 alia
382 2796 553 2881 perhibent
575 2801 733 2861 mutatam
751 2796 894 2860 membra
917 2797 1025 2881 figura

179 2891 358 2977 Scyllaeum
381 2897 527 2958 monstro
552 2916 664 2959 saxum
686 2895 839 2958 infestare
861 2895 988 2978 voraci3

178 2990 268 3053 illam
291 3011 360 3054 esse
384 2989 544 3053 aerumnis
569 3013 664 3073 quam
688 3013 781 3074 saepe
804 2992 949 3075 legamus
974 2989 1066 3058 Ulixi

179 3087 313 3150 candida
338 3087 532 3150 succinctam
554 3087 749 3152 latrantibus
772 3089 906 3172 inguina
928 3091 1088 3154 monstris

180 3183 348 3248 Dulichias
371 3205 503 3247 vexasse
526 3188 612 3247 rates
636 3190 668 3248 et
692 3185 820 3269 gurgite
842 3185 875 3248 in
898 3185 965 3248 alto
1162 3207 1193 3252 eo

181 3283 354 3365 deprensos
377 3285 493 3344 111111
517 3281 649 3345 canibus
672 3282 827 3346 lacerasse
849 3283 993 3348 marinis.

181 3379 237 3444 sed
260 3397 363 3460 neque
386 3376 551 3441 Maeoniae
575 3379 743 3462 patiuntur
766 3379 890 3442 credere
914 3379 1047 3446 chartae

180 3498 239 3542 nec
262 3474 367 3538 malus
390 3473 528 3537 istorum
551 3473 656 3540 dubiis
681 3474 842 3539 erroribus
862 3479 982 3541 auctor.
