2574 3964
431 239 578 295 VERGILI
595 240 730 295 AENEIS
748 243 761 295 1

88 402 251 486 corripuit
276 402 373 488 [fidus
397 425 477 487 quae
501 403 566 467 tela
589 403 721 488 gerebat
743 403 898 489 Achates]

16 549 18 592 ρ
88 499 306 583 ductoresque
327 501 416 583 ipsos
439 501 579 583 primum
602 501 708 583 capita
731 501 797 564 alta
819 502 951 566 ferentis

88 595 245 660 cornibus
269 596 412 660 arboreis
437 597 567 681 sternit,
590 601 661 660 tum
682 597 798 682 volgus
823 602 854 662 et
878 620 1004 664 omnem
1055 616 1104 664 190

87 692 206 756 miscet
230 713 328 778 agens
350 693 426 757 telis
448 714 580 756 nemora
601 694 686 758 inter
708 695 841 760 frondea
863 696 1005 780 turbam3

86 810 149 853 nec
172 790 264 873 prius
287 790 431 874 absistit,
454 811 552 873 quam
575 793 698 873 septem
720 792 865 877 ingentia
887 792 991 857 victor

89 907 229 969 corpora
246 887 360 950 fundat
378 887 469 950 humi
491 891 524 950 et
546 908 716 952 numerum
734 911 806 953 cum
824 889 960 953 navibus
980 893 1103 974 aequet.

88 983 168 1047 hinc
190 987 324 1066 portum
345 984 428 1067 petit
451 987 484 1047 et
507 984 612 1049 socios
633 985 775 1068 partitur
797 985 832 1047 in
855 985 967 1049 omnis,

89 1080 169 1144 vina
191 1081 298 1144 bonus
322 1101 403 1164 quae
426 1080 538 1143 deinde
561 1081 647 1164 cadis
671 1085 820 1146 onerarat
841 1080 974 1146 Acestes
1053 1099 1104 1146 195

88 1176 190 1242 litore
213 1176 377 1241 Trinacrio
401 1176 593 1260 dederatque
616 1178 808 1242 abeuntibus
831 1178 940 1264 heros,

89 1273 223 1358 dividit,
246 1278 278 1338 et
301 1274 395 1338 dictis
418 1273 594 1338 maerentia
615 1279 746 1358 pectora
768 1275 900 1339 mulcet:

90 1371 123 1434 ‘o
149 1371 230 1435 socii
253 1368 370 1456 (neque
394 1371 480 1434 enim
501 1371 607 1454 ignari
630 1393 740 1435 sumus
764 1375 838 1434 ante
860 1369 1047 1460 malorum),

91 1491 110 1532 o
134 1469 226 1551 passi
248 1468 411 1553 graviora,
435 1467 525 1531 dabit
548 1467 626 1531 deus
648 1467 701 1531 his
724 1489 851 1551 quoque
874 1468 978 1532 finem.

89 1587 150 1630 vos
175 1569 208 1629 et
231 1563 408 1649 Scyllaeam
431 1564 553 1628 rabiem
575 1565 769 1648 penitusque
791 1565 936 1628 sonantis
1050 1582 1103 1630 coo

90 1663 227 1728 accestis
251 1663 414 1748 scopulos,
436 1683 494 1726 vos
518 1665 551 1725 et
574 1659 733 1745 Cyclopea
756 1683 832 1724 saxa

90 1761 231 1844 experti:
255 1763 400 1824 revocate
424 1759 547 1823 animos
570 1761 791 1840 maestumque
814 1756 963 1820 timorem

89 1857 229 1941 mittite3
251 1857 362 1921 forsan
384 1856 515 1920 ethaeo
539 1856 617 1920 olim
639 1855 822 1920 meminisse
845 1853 978 1920 iuvabit.

89 1977 150 2038 per
172 1953 280 2018 varios
305 1975 411 2037 casus,
433 1975 490 2037 per
513 1957 564 2016 tot
587 1952 772 2017 discrimina
794 1973 901 2015 rerum

90 2051 255 2115 tendimus
277 2051 312 2114 in
334 2049 477 2137 Latium,
500 2050 589 2114 sedes
612 2050 670 2114 ubi
692 2049 759 2112 fata
782 2049 907 2132 quietas
1050 2065 1102 2114 205

91 2148 282 2232 ostendunt;
305 2148 372 2211 illic
394 2148 443 2212 fas
466 2168 565 2232 regna
587 2167 754 2230 resurgere
776 2144 898 2210 Troiae.

90 2247 206 2310 durate
229 2249 261 2309 et
283 2248 408 2309 vosmet
430 2245 526 2308 rebus
550 2247 674 2307 servate
698 2242 863 2306 secundis!

136 2339 229 2404 Talia
251 2361 328 2404 voce
351 2341 448 2404 refert
471 2340 619 2424 curisque
641 2339 827 2424 ingentibus
851 2359 945 2422 aeger

90 2461 182 2523 spem
206 2437 299 2501 voltu
322 2436 466 2522 simulat,
488 2437 606 2520 premit
630 2437 731 2500 altum
755 2437 848 2500 corde
870 2436 1020 2500 dolorem.

89 2537 141 2601 illi
164 2557 200 2600 se
222 2534 357 2618 praedae
380 2535 550 2618 accingunt
573 2534 773 2618 dapibusque
795 2535 928 2598 futuris:
1050 2551 1101 2598 210

90 2639 223 2719 tergora
246 2631 409 2714 deripiunt
432 2631 531 2696 costis
554 2635 587 2695 et
609 2632 731 2696 viscera
752 2632 889 2716 nudant,

90 2752 166 2814 pars
191 2729 227 2792 in
248 2729 353 2792 frusta
377 2733 485 2792 secant
508 2727 700 2812 veribusque
722 2729 893 2792 trementia
915 2728 1035 2813 figunt,

89 2829 187 2892 litore
212 2831 291 2890 atina
312 2825 420 2888 locant
444 2825 500 2888 alii
522 2825 731 2909 flammasque
753 2825 948 2889 ministrant.

89 2931 162 2988 tum
184 2922 274 2986 victu
296 2924 447 2984 revocant
470 2920 553 2999 vires
578 2922 707 3006 fusique
729 2943 787 3005 per
809 2921 942 2986 herbam

89 3021 267 3105 implentur
289 3017 406 3082 veteris
430 3017 542 3082 bacchi
564 3019 757 3104 pinguisque
780 3018 908 3084 ferinae.
1049 3036 1101 3085 215

90 3122 265 3202 postquam
289 3117 435 3198 exempta
458 3115 557 3179 fames
581 3117 685 3199 epulis
708 3137 899 3200 mensaeque
922 3119 1072 3203 remotae,

90 3215 227 3278 amissos
250 3213 349 3297 longo
374 3212 478 3276 socios
503 3235 647 3276 sermone
670 3213 837 3297 requirunt
891 3255 893 3261 ·

90 3332 244 3396 spemque
267 3314 452 3393 metumque
475 3310 559 3373 inter
582 3310 686 3394 dubii,
710 3332 766 3374 seu
788 3311 894 3374 vivere
918 3311 1047 3374 credant
1134 3341 1136 3345 v

90 3411 155 3474 sive
180 3413 325 3474 extrema
346 3408 415 3490 pati
437 3427 495 3470 nec
517 3408 582 3470 iarn
606 3407 754 3471 exaudire
776 3411 915 3472 vocatos.

89 3507 258 3592 praecipue
281 3504 355 3588 pius
378 3503 503 3568 Aeneas
526 3525 612 3567 nunc
635 3504 716 3568 acris
741 3501 869 3588 Oronti,
1048 3521 1099 3569 220
