2514 3966
384 239 532 316 vanarn
550 238 682 295 AENEIS
701 237 740 292 xr
1001 234 1068 300 353

51 403 238 467 volneribus
261 402 392 486 pulsum
414 402 548 486 aspicies
571 424 629 468 neo
652 401 774 485 sospite
799 399 904 464 dirum

51 501 182 584 optabis
205 504 283 564 nato
306 501 403 563 funus
426 503 526 582 pater.
572 500 602 562 ei
625 499 714 584 mihi,
738 501 895 582 quantum

51 598 249 682 praesidium
271 597 418 660 Ausonia
440 601 473 660 et
496 600 652 679 quantum
675 601 712 660 tu
734 594 851 680 perdis,
873 593 968 656 lulel'

91 693 186 759 Haec
208 695 266 758 ubi
289 693 426 778 deflevit,
448 693 520 758 tolli
543 693 727 757 miserabile
750 712 864 774 corpus

53 793 191 875 imperat
213 795 246 854 et
268 794 341 854 toto
363 790 464 854 lectos
487 811 526 853 ex
550 789 677 874 agmine
699 789 803 854 mittit
1030 805 1070 852 co

53 889 141 952 mille
163 887 261 971 viros,
285 887 340 970 qui
365 907 548 969 supremum
570 887 764 950 comitentur
785 884 941 949 honorem

53 985 269 1068 intersintque
292 983 396 1067 patris
418 981 580 1068 lacrumis,
603 982 722 1046 solacia
745 982 851 1046 luctus

55 1083 170 1168 exigua
193 1081 344 1167 ingentis,
367 1080 484 1144 misero
509 1079 564 1143 sed
586 1080 695 1143 debita
719 1079 813 1163 patri.

55 1179 133 1243 haut
156 1199 269 1264 segnes
293 1177 349 1241 alii
373 1181 475 1240 crates
499 1179 531 1239 et
553 1176 650 1240 molle
672 1176 826 1240 feretrum

56 1275 198 1339 arbuteis
220 1277 336 1338 texunt
358 1273 459 1358 virgis
482 1275 514 1336 et
536 1273 654 1336 vimine
678 1294 798 1355 querno
1030 1289 1064 1336 os

57 1376 281 1455 extructosque
303 1375 395 1435 toros
419 1370 554 1434 obtentu
576 1369 699 1434 frondis
722 1370 916 1434 inumbrant.
1034 1379 1036 1383 '

56 1469 107 1533 hic
128 1469 276 1532 iuvenem
298 1467 418 1552 agresti
442 1466 612 1530 sublimem
635 1467 789 1531 stramine
812 1471 945 1551 ponunt,

59 1565 183 1648 qualem
204 1565 351 1649 virgineo
374 1564 553 1628 demessum
575 1563 690 1647 pollice
713 1563 826 1627 florem

59 1685 112 1726 seu
132 1663 239 1726 mollis
262 1661 367 1726 violae
390 1683 446 1726 seu
468 1660 652 1745 languentis
674 1660 852 1746 hyacinthi,

60 1759 107 1821 eui
124 1779 226 1842 neque
244 1759 353 1842 fulgor
372 1757 475 1822 adhuc
497 1777 555 1820 nec
578 1757 654 1820 dum
672 1779 730 1821 sua
752 1759 856 1821 forma
874 1758 1018 1822 recessit:
1030 1775 1064 1823 vo

60 1877 121 1920 non
142 1856 206 1919 iam
227 1860 330 1919 mater
354 1855 412 1918 alit
434 1853 531 1918 tellus
554 1854 701 1938 viresque
723 1855 896 1918 ministrat.

61 1957 125 2016 tum
147 1953 291 2037 geminas
315 1956 419 2016 vestes
444 1971 585 2033 auroque
609 1954 760 2034 ostroque
783 1951 919 2035 rigentis

62 2050 170 2112 extulit
193 2049 327 2134 Aeneas,
351 2070 431 2132 quas
454 2047 503 2110 illi
526 2047 610 2111 laeta
632 2047 780 2110 laborum

62 2146 125 2228 ipsa
147 2148 214 2210 suis
238 2146 400 2230 quondam
422 2143 571 2208 manibus
595 2141 726 2232 Sidonia
748 2141 832 2208 Dido

62 2243 171 2308 fecerat
193 2249 226 2308 et
249 2244 340 2307 tenui
362 2242 444 2305 telas
468 2241 659 2304 discreverat
682 2261 768 2304 auro.
1029 2262 1063 2309 75

63 2338 167 2406 harum
190 2362 288 2404 unam
311 2338 419 2403 iuveni
438 2359 622 2420 supremum
643 2341 784 2401 maestus
806 2337 961 2402 honorem

62 2436 158 2500 induit
182 2457 372 2518 arsurasque
395 2456 501 2498 comas
526 2433 663 2499 obnubit
687 2434 813 2518 amictu,

62 2533 218 2617 multaque
240 2536 405 2616 praeterea
427 2530 597 2594 Laurentis
618 2530 759 2615 praemia
778 2551 904 2615 pugnae

63 2634 187 2713 aggerat
211 2633 243 2693 et
266 2629 365 2714 longo
388 2628 538 2711 praedam
560 2628 650 2691 iubet
674 2627 783 2691 ordine
806 2628 885 2693 duci.

64 2724 156 2808 [addit
179 2748 280 2811 equos
304 2731 336 2789 et
359 2725 433 2810 tela,
457 2725 574 2807 quibus
597 2724 790 2808 spoliaverat
812 2724 959 2811 hostem]
1029 2745 1063 2794 80

64 2823 199 2888 vinxerat
223 2828 256 2888 et
278 2827 355 2906 post
373 2826 465 2907 terga
482 2843 607 2907 manus,
632 2843 712 2905 quos
731 2821 876 2886 mitteret
895 2824 1019 2887 umbris

63 2919 194 3006 inferias,
216 2941 309 2986 caeso
334 2941 502 3003 sparsurus
526 2919 681 3003 sanguine
704 2918 858 3005 flammas,

64 3017 245 3102 indutosque
268 3017 360 3081 iubet
382 3021 512 3080 truncos
534 3015 708 3080 hostilibus
732 3016 828 3079 armis

64 3107 141 3194 ipsos
163 3117 247 3180 ferre
271 3115 365 3178 duces
388 3112 579 3196 inimicaque
602 3113 732 3177 nomina
754 3113 820 3197 figi.

64 3209 178 3276 ducitur
201 3211 313 3276 infelix
337 3233 414 3274 aevo
439 3209 601 3273 confectus
624 3209 772 3273 Acoetes:
1028 3227 1067 3274 aa

64 3312 181 3387 pectora
203 3329 289 3372 nunc
312 3307 443 3371 foedans
467 3305 594 3390 pugnis,
616 3327 701 3368 nunc
723 3305 886 3389 unguibus
911 3327 967 3370 ora

64 3404 207 3467 sternitur
230 3407 262 3466 ct
285 3407 356 3467 toto
380 3403 541 3486 proiectus
564 3424 695 3485 corpore
718 3406 830 3466 terrae.
845 3455 852 3467 .
868 3453 897 3468 ..

65 3497 171 3564 ducunt
194 3505 227 3563 et
253 3499 372 3562 Rutulo
395 3499 541 3582 perfusos
564 3499 718 3582 sanguine
741 3521 860 3562 currus.
894 3567 896 3572 ,
984 3547 986 3553 1

109 3612 324 3662 arsaaoxmrgu.
863 3607 896 3654 23
