2538 3970
182 196 246 262 306
508 193 656 250 Vuacrul
674 192 807 248 AENEIS
821 193 859 246 lX

180 379 281 422 unum
305 379 375 422 oro:
399 358 545 443 genetrix
568 355 690 421 Priami
713 355 751 419 dc
774 359 868 440 gente
891 357 1020 418 vetusta

182 459 232 518 est
253 453 344 541 mihi,
367 478 464 539 quam
486 456 635 519 miseram
658 453 763 516 tenuit
786 472 852 516 non
873 451 934 515 llia
952 451 1050 515 tellus
1138 465 1194 515 285

181 563 306 614 mecum
330 550 542 634 excedentem,
563 570 630 615 non
652 550 779 614 moenia
801 550 887 635 regis
910 549 1054 614 Acestae.

180 647 263 711 hanc
285 667 345 731 ego
368 667 453 711 nunc
475 647 622 730 ignaram
643 645 741 710 huius
766 644 986 728 quodcumque
1009 645 1121 728 pericli
1141 647 1194 708 est

109 820 113 827 ι
181 744 278 828 inqua
302 743 475 808 salutatam
497 744 626 826 linquo:
648 764 714 807 nox
737 745 769 805 ct
791 745 848 804 tua
870 742 965 805 testis

182 840 319 927 dextera,
343 841 429 926 quod
450 863 606 924 nequeam
629 840 786 904 lacrumas
809 839 949 921 perferre
971 839 1124 921 parentis.

182 942 215 1002 at
239 942 285 1022 tu,
309 960 375 1024 oro,
398 938 501 1002 solare
523 938 654 1020 inopem
677 940 709 1000 et
733 956 880 999 succurre
902 935 1041 1000 relictae.
1138 953 1193 1002 290

181 1034 263 1098 hanc
286 1035 354 1098 sine
376 1056 427 1097 me
451 1055 540 1116 spem
562 1033 644 1097 ferre
667 1032 728 1097 tui:
754 1031 922 1096 audentior
945 1033 999 1097 ibo

182 1131 217 1194 in
240 1153 331 1195 casus
356 1129 479 1194 omnis?
527 1151 678 1213 percussa
699 1134 806 1193 mente
829 1128 941 1193 dedere

181 1226 382 1292 Dardanidae
405 1227 563 1313 lacrimas,
586 1232 660 1291 ante
684 1226 787 1290 omnis
811 1226 943 1309 pulcher
965 1225 1068 1312 Iulus,

182 1329 278 1409 atque
302 1325 444 1389 animum
467 1325 590 1408 patriae
614 1323 746 1388 strinxit
768 1322 899 1406 pietatis
923 1321 1039 1407 imago.

182 1427 253 1486 tum
275 1422 321 1487 sic
343 1422 470 1486 effatur:
1138 1436 1191 1486 295

183 1520 315 1603 ‘sponde
338 1519 435 1604 digna
457 1517 523 1582 tuis
546 1517 733 1602 ingentibus
757 1516 864 1580 omnia
887 1515 1018 1598 coeptis.

181 1619 319 1701 namque
342 1616 402 1679 erit
425 1615 489 1679 ista
511 1613 592 1678 mihi
615 1615 760 1698 genetrix
782 1635 963 1696 nomenque
987 1610 1126 1679 Creusae

184 1713 288 1779 solum
310 1711 456 1798 defuerit,
477 1733 535 1776 nec
557 1715 686 1795 partum
709 1710 814 1796 gratia
836 1709 934 1772 talem

182 1832 282 1894 parva
303 1811 419 1872 manet.
464 1829 555 1872 casus
578 1807 699 1871 factum
722 1807 914 1891 quicumque
938 1812 1124 1894 sequentur,

183 1927 240 1990 per
262 1909 358 1988 caput
379 1903 441 1968 hoc
464 1904 545 1990 iuro,
566 1925 623 1987 per
647 1904 733 1988 quod
755 1907 846 1988 pater
871 1907 944 1967 ante
967 1904 1108 1970 solebat:
1139 1923 1190 1972 300

184 2024 264 2087 quae
286 2002 349 2066 tibi
371 2002 525 2085 polliceor
548 2001 655 2064 reduci
677 2002 836 2086 rebusque
860 2001 1017 2088 secundis,

183 2101 260 2165 haec
283 2099 389 2163 eadem
413 2099 571 2182 matrique
594 2103 669 2162 tuae
692 2098 864 2182 generique
886 2098 1085 2163 manebunt!

184 2199 239 2263 sio
254 2197 299 2261 ait
321 2196 538 2280 inlacrimans;
560 2215 670 2260 umero
695 2195 791 2258 simul
813 2195 902 2258 exuit
924 2216 1033 2259 ensem

184 2299 341 2380 auratum,
362 2293 444 2358 mira
468 2315 562 2377 quem
584 2294 702 2366 fecerat
725 2297 793 2356 arte
816 2291 948 2376 Lycaon

185 2391 325 2458 Gnosius
349 2395 445 2475 atque
466 2390 607 2470 habilem
629 2389 746 2474 vagina
769 2392 895 2472 aptarat
919 2388 1049 2454 eburna.
1140 2407 1189 2458 ³05

184 2491 239 2554 dat
260 2486 342 2552 Niso
366 2486 553 2551 Mnestheus
576 2486 692 2572 pellem
713 2486 939 2570 horrentisque
962 2486 1066 2550 leonis

185 2585 328 2668 exuvias3
352 2585 475 2669 galeam
497 2583 579 2648 fidus
601 2587 763 2668 permutat
786 2583 905 2648 Aletes.

184 2683 333 2766 protinus
357 2680 471 2745 armati
493 2680 656 2764 incedunt3
681 2702 762 2763 quos
786 2680 891 2744 omnis
915 2680 1021 2744 cuntis

185 2779 363 2863 primorum
384 2799 498 2842 manus
522 2776 561 2841 ad
582 2782 693 2860 portas
716 2778 930 2861 iuvenumque
953 2799 1130 2862 senumque

185 2875 391 2961 prosequitur
414 2874 507 2937 votis.
552 2895 699 2938 necnon
721 2877 753 2938 ct
776 2873 908 2957 pulcher
930 2873 1031 2960 Iulus,
1141 2891 1189 2940 310

187 2977 260 3037 ante
284 2993 383 3036 annos
409 2971 611 3055 animumque
635 2992 747 3055 gerens
771 2991 942 3054 curamque
965 2971 1101 3057 virilem,

186 3070 288 3134 multa
311 3069 396 3153 patri
418 3069 568 3133 mandata
591 3069 687 3132 dabat
709 3068 878 3152 portanda:
903 3068 958 3132 sed
981 3090 1076 3133 aurae

188 3167 295 3248 omnia
317 3167 501 3250 discerpunt
524 3169 555 3230 et
577 3165 720 3229 nubibus
743 3164 842 3228 inrita
865 3165 994 3229 donant.

232 3264 364 3349 Egressi
388 3267 539 3347 superant
561 3257 665 3327 fossas
687 3262 855 3345 noctisque
879 3283 935 3345 pcr
958 3263 1105 3327 umbram

188 3365 293 3426 castra
315 3360 443 3424 inimica
466 3364 589 3446 petunt,
611 3361 723 3425 multis
746 3364 853 3424 tamen
877 3363 950 3424 ante
972 3361 1075 3425 futuri
1142 3373 1189 3426 315

189 3459 295 3525 exitio
342 3457 462 3541 passim
486 3478 597 3522 somno
620 3458 758 3542 vinoque
781 3478 838 3542 per
860 3456 993 3522 herbam
