2612 3964
209 212 273 277 160
529 211 680 264 VERGILI
700 210 829 264 annuis
847 211 886 262 Ill

206 374 305 458 longa
327 375 439 457 procul
461 374 567 458 longis
591 372 643 436 111
666 371 779 436 dividit
802 371 889 434 invia
912 371 1015 434 terris,

207 475 282 534 ante
306 475 338 533 et
361 470 525 534 Trinacria
547 469 716 533 lentandus
739 491 845 532 remus
870 469 905 531 in
926 469 1011 532 unda

207 570 239 630 et
264 567 339 630 salis
362 566 499 630 Ausonii
521 567 725 630 lustrandum
745 566 882 629 navibus
906 587 1025 648 aequor
1169 581 1222 630 385

206 663 387 746 infernique
408 664 496 728 lacus
519 663 706 746 Aeaeaeque
728 663 834 726 insula
858 660 981 745 Circae,

207 781 305 843 quam
327 763 399 823 tuta
421 761 527 842 possis
550 759 663 823 urbem
686 781 874 842 componere
897 763 990 822 terra.

208 857 300 941 signa
323 856 385 919 tibi
408 857 523 942 dicam,
545 860 582 920 tu
605 857 733 920 condita
755 860 862 920 mente
884 859 1006 919 teneto:

207 975 280 1017 oum
302 954 364 1017 tibi
387 955 525 1018 sollicito
551 954 664 1017 secreti
688 954 727 1017 ad
749 953 891 1016 fluminis
915 953 1033 1016 undam

206 1051 331 1114 litoreis
354 1051 468 1134 ingens
491 1050 621 1112 inventa
646 1050 704 1112 sub
728 1049 856 1113 ilicibus
880 1070 935 1112 sus
1169 1067 1222 1114 390

207 1148 345 1232 triginta
367 1147 508 1230 capitum
530 1146 616 1210 fetus
640 1147 732 1210 enixa
754 1147 871 1210 iacebit

207 1245 294 1329 alba,
318 1245 387 1308 solo
410 1245 579 1328 recubans,
603 1245 668 1308 albi
692 1245 810 1307 circum
832 1244 1036 1327 1111111111,

207 1342 236 1404 is
260 1341 349 1406 locus
373 1341 462 1404 urbis
487 1341 561 1425 erit,
583 1341 709 1422 requies
733 1363 769 1404 ca
793 1344 878 1404 certa
900 1341 1057 1404 laborum.

207 1460 266 1502 nec
288 1443 326 1502 tu
347 1461 529 1502 mensarum
551 1460 678 1502 morsus
700 1437 849 1501 horresce
871 1439 1012 1502 futuros:

208 1536 275 1599 fata
297 1536 383 1598 111111
405 1535 568 1599 invenient
593 1535 756 1618 aderitque
781 1539 911 1599 vocatus
935 1535 1063 1618 Apollo.
1170 1555 1221 1602 395

207 1633 266 1696 has
291 1637 398 1696 autem
420 1637 522 1695 terras
545 1631 684 1715 Italique
707 1632 788 1709 hanc
810 1632 916 1696 litoris
941 1654 1044 1718 oram,

208 1731 354 1814 proxima
378 1751 458 1812 quac
479 1729 585 1792 nostri
607 1711 809 1812 pelfunditur
832 1729 979 1812 aequoris
1003 1734 1110 1816 aestu,

209 1827 325 1911 effuge:
349 1830 463 1890 cuncta
485 1826 577 1889 malis
600 1826 788 1889 habitantur
810 1827 936 1889 moenia
959 1825 1063 1892 Grais.

207 1924 261 1988 hic
285 1929 316 1988 11
339 1923 472 2007 Narycii
494 1927 672 2008 posuerunt
694 1925 820 1986 moenia
843 1922 937 1986 Locri

209 2027 242 2086 et
266 2020 460 2085 Sallentinos
485 2021 610 2084 obsedit
632 2021 735 2083 milite
758 2041 886 2102 campos
1169 2041 1222 2088 400

209 2119 341 2202 Lyctius
364 2117 566 2202 Idomeneus,
589 2117 641 2180 hio
663 2118 720 2180 illa
742 2117 830 2181 ducis
855 2116 1004 2181 Meliboei

209 2239 307 2302 parva
329 2215 527 2279 Philoctetae
551 2215 688 2278 subnixa
709 2213 832 2278 Petelia
854 2236 954 2278 muro.

199 2314 289 2398 ‘quin
311 2313 368 2376 ubi
390 2311 597 2376 transmissae
622 2311 770 2375 steterint
792 2315 882 2375 trans
907 2335 1045 2396 aequora
1068 2314 1201 2399 classes,

209 2416 241 2476 et
264 2410 380 2495 positis
405 2409 468 2472 aris
491 2409 557 2473 11111
578 2413 655 2473 1111
677 2409 712 2472 11
734 2409 830 2472 111111
853 2409 971 2494 solves

208 2529 369 2594 purpureo
392 2507 497 2571 velare
521 2529 626 2570 comas
650 2505 822 2588 adopertus
846 2506 977 2591 ainictu,
1166 2527 1219 2574 405

208 2627 313 2688 nequa
335 2605 420 2667 inter
444 2607 571 2667 sanctos
594 2603 680 2688 ignis
703 2603 738 2666 in
759 2602 881 2666 honore
904 2603 1034 2667 deorum
1057 2639 1059 2643 ,

208 2700 338 2766 hostilis
361 2699 457 2763 facies
482 2703 626 2763 occurrat
650 2703 681 2761 et
705 2700 812 2763 omina
834 2700 951 2764 turbet.

208 2799 294 2862 hunc
317 2797 395 2860 socii
418 2818 540 2860 morem
564 2817 739 2882 sacrorum,
761 2797 847 2860 hunc
869 2799 938 2881 ipse
960 2803 1084 2886 teneto,

208 2896 269 2960 hac
292 2894 372 2958 casti
393 2897 543 2957 maneant
566 2893 601 2956 in
623 2894 777 2977 religione
799 2898 941 2976 nepotes,

210 2996 260 3054 ast
283 2991 340 3054 ubi
362 2991 540 3074 digressum
564 2989 687 3055 Siculae
710 2995 743 3054 te
767 2991 942 3053 admoverit
965 3013 1038 3056 orae
1166 3013 1218 3062 410

210 3091 325 3152 ventus
349 3090 381 3149 et
405 3087 536 3170 angusti
558 3092 718 3150 rarescent
742 3088 881 3151 claustra
903 3086 1022 3175 Pelori,

209 3185 300 3248 11111
322 3183 384 3246 tibi
407 3184 503 3248 tellus
527 3187 560 3248 et
581 3185 680 3269 longo
703 3186 794 3248 laeva
816 3188 966 3266 petantur

210 3302 348 3364 aequora
371 3280 519 3367 circuitu,
543 3281 690 3344 dextrum
712 3281 787 3364 fuge
809 3279 888 3344 litus
911 3285 944 3346 et
967 3281 1076 3346 undas

209 3377 288 3440 haec
309 3378 380 3440 loca
402 3377 435 3439 vi
459 3377 618 3460 quondam
641 3381 673 3442 11
696 3381 787 3442 vasta
810 3379 960 3443 convolsa
982 3379 1076 3444 ruina

211 3471 354 3558 (tantum
377 3474 446 3536 1111
468 3475 646 3558 longinqua
668 3476 753 3540 valet
775 3480 899 3540 mutare
922 3475 1081 3564 vetustas)
1168 3497 1219 3544 415
