2514 3966
188 240 255 305 314
512 240 658 296 VERGILI
677 241 808 296 annuis
826 242 865 296 IX

186 403 334 468 Maeonio
357 403 427 486 regi
450 424 545 486 quem
568 425 660 468 serva
682 401 849 487 Licymnia
871 403 985 467 furtim

187 500 363 564 sustulerat
385 499 560 582 vetitisque
583 501 622 564 ad
645 501 774 565 Troiam
797 500 929 564 miserat
952 501 1064 585 armiS,

187 619 260 660 ense
283 597 363 660 levis
386 596 471 660 nudo
496 619 670 680 parmaque
692 598 852 682 inglorius
876 598 962 682 alba3

186 695 278 778 isque
301 694 358 760 ubi
382 717 416 760 se
439 695 540 760 'lurni
562 696 666 760 media
688 694 773 758 inter
795 695 885 758 milia
907 695 998 780 vidit,

185 791 262 856 hine
285 793 367 856 acies
390 796 487 876 atque
509 791 585 856 hine
608 793 690 856 acies
714 792 840 856 adstare
862 791 1010 856 Latinas:
1148 808 1200 858 oto

187 892 224 951 ut
246 889 323 976 fera,
346 911 427 973 quae
450 888 547 953 densa
570 893 743 953 venantum
768 893 878 973 saepta
900 911 1019 954 corona

187 989 299 1050 eontra
321 987 387 1050 tela
408 986 488 1050 furit
512 1008 643 1070 seseque
665 985 745 1050 haut
768 987 874 1051 nescia
896 987 995 1050 morti

187 1082 278 1146 inicit
302 1087 334 1147 et
358 1083 442 1147 saltu
466 1105 563 1166 supra
586 1083 743 1147 venabula
765 1084 877 1170 fertur,

157 1176 160 1263 l
187 1179 267 1244 haut
291 1181 384 1244 aliter
406 1181 530 1245 iuvenis
554 1180 677 1244 medios¹
698 1182 874 1246 moriturus
898 1182 934 1246 in
954 1181 1060 1245 hostis

158 1274 160 1295 ⁵
187 1277 290 1341 inruit
313 1281 354 1363 et,
377 1300 441 1361 qua
463 1278 528 1341 tela
551 1277 637 1342 videt
660 1276 859 1364 densissima,
882 1278 993 1342 tendit.
1148 1293 1198 1340 aaa

158 1376 162 1404 ³
188 1377 222 1438 at
245 1374 379 1458 pedibus
402 1374 498 1459 longe
521 1374 635 1438 melior
657 1373 762 1456 Lycus
785 1373 870 1438 inter
894 1378 926 1438 et
948 1374 1054 1438 hostis

188 1471 273 1534 inter
296 1475 329 1536 et
351 1493 438 1536 arma
460 1472 539 1556 fuga
560 1493 669 1536 muros
693 1475 781 1535 tenet
804 1472 932 1556 altaque
956 1475 1058 1537 certat

188 1568 341 1652 prendere
364 1571 449 1632 tecta
471 1590 568 1631 manu
592 1567 776 1651 sociumque
800 1569 959 1654 attingere
982 1569 1119 1633 dextras.

189 1685 285 1747 quem
306 1663 444 1750 Turnus,
466 1665 587 1748 pariter
610 1686 704 1728 eursu
726 1666 855 1750 teloque
879 1669 1018 1752 secutus,

189 1761 332 1844 increpat
354 1761 406 1824 his
429 1761 545 1826 vietor:
570 1761 749 1825 ‘nostraene
773 1761 912 1847 evadere,
936 1763 1075 1849 demens,
1148 1782 1194 1830 too

190 1857 326 1940 sperasti
348 1861 381 1921 te
403 1879 498 1941 posse
520 1859 670 1922 manus?
695 1858 792 1922 simul
814 1859 929 1942 arripit
951 1859 1059 1944 ipsum

188 1954 380 2038 pendentem
403 1959 435 2019 et
457 1972 574 2040 magna
596 1956 681 2019 muri
704 1978 775 2020 eum
798 1960 890 2039 parte
913 1957 1051 2022 revellit:

190 2051 293 2135 qualis
316 2052 374 2115 ubi
397 2057 452 2116 aut
474 2053 616 2136 leporem
639 2057 695 2116 aut
718 2053 865 2117 candenti
887 2075 1020 2137 corpore
1044 2077 1173 2138 eyenum

190 2149 321 2212 sustulit
345 2149 411 2212 alta
433 2153 545 2232 petens
568 2150 703 2234 pedibus
725 2149 812 2214 Iovis
837 2151 975 2235 armiger
998 2152 1090 2216 uncis

189 2247 371 2331 quaesitum
394 2251 450 2310 aut
472 2248 569 2312 matri
591 2247 703 2312 multis
726 2246 889 2311 balatibus
913 2241 1033 2333 agnum
1147 2265 1192 2314 ooo

188 2344 326 2408 Martius
350 2367 369 2407 a
392 2343 528 2408 stabulis
551 2345 659 2428 rapuit
681 2344 785 2427 lupus.
831 2345 972 2428 undique
995 2347 1116 2424 clamor

189 2442 330 2506 tollitur:
353 2443 509 2506 invadunt
532 2445 564 2505 et
586 2443 690 2506 fossas
714 2462 829 2526 aggere
853 2443 1028 2528 complent,

189 2539 330 2604 ardentis
353 2539 462 2603 taedas
486 2539 542 2604 alii
565 2539 604 2602 ad
626 2539 757 2624 fastigia
779 2539 908 2604 iactant.

188 2636 330 2700 Ilioneus
355 2658 431 2700 saxo
456 2640 552 2720 atque
575 2636 699 2720 ingenti
722 2637 879 2720 fragmine
901 2637 1021 2702 montis

189 2733 357 2797 Lucetium
380 2737 492 2816 portae
516 2732 705 2797 subeuntem
727 2733 877 2818 ignisque
899 2735 1064 2821 ferentem,
1146 2750 1189 2800 tto

189 2829 386 2894 Emathiona
408 2828 514 2915 Liger,
537 2827 737 2913 Corynaeum
761 2832 877 2895 sternit
900 2831 1017 2917 Asilas,
1105 2821 1107 2825 ¹

188 2927 241 2991 hio
264 2927 367 2990 iaculo
391 2926 506 3013 bonus,
527 2927 581 2991 hic
603 2928 700 3012 longe
723 2926 854 2992 fallente
877 2929 1006 3014 sagitta,

189 3022 361 3110 Ortygium
385 3015 537 3109 Caeneus,
560 3025 715 3088 victorem
738 3021 862 3089 Caenea
884 3024 1022 3110 TurnuS,
1099 3059 1103 3066 ·

189 3121 317 3185 Turnus
340 3120 415 3204 Ityn
440 3121 659 3207 Cloniumque,
681 3119 879 3204 Dioxippum
901 3121 1148 3208 Promolumque

189 3223 222 3284 et
246 3216 392 3302 Sagarim
416 3222 448 3282 et
472 3219 604 3282 summis
629 3222 767 3282 stantem
790 3241 849 3303 pro
873 3219 1017 3284 turribus
1040 3219 1129 3306 Idan,
1146 3233 1187 3284 tto

188 3315 378 3381 Privernum
401 3313 544 3400 Capys*
561 3317 647 3380 huno
669 3316 773 3400 primo
796 3316 876 3380 levis
899 3317 993 3381 hasta
1016 3317 1181 3383 Themillae

189 3415 377 3479 strinxerat:
400 3414 455 3477 ille
478 3436 608 3478 manum
630 3413 773 3498 proiecto
797 3414 938 3498 tegmine
961 3414 1090 3480 demens

189 3511 228 3576 ad
251 3510 365 3576 volnus
389 3509 478 3596 tulit3
502 3532 578 3596 ergo
603 3512 662 3576 alis
687 3512 816 3596 adlapsa
840 3512 960 3596 sagitta

1114 3637 1120 3656 ἱ

367 3672 389 3726 τ’(
401 3693 420 3754 fa
431 3711 461 3750 'fn'
481 3673 495 3730 ,Ι
508 3683 529 3710 ’Δ
554 3692 557 3724 Ι
586 3674 610 3748 'i‘
622 3674 641 3753 ἆ
651 3685 709 3746 iffa*
722 3703 743 3739 II*
755 3703 782 3740 π’,
794 3659 822 3750 Ιζκ
852 3662 977 3742 gam&
1000 3639 1180 3730 ww

436 3776 439 3796 Ι

1025 3936 1030 3939 .
1057 3874 1234 3940 L
