2530 3960
185 244 251 307 420
599 268 603 273 ·
631 243 756 298 CULEX.

185 404 427 488 Dardaniaeque
452 404 533 468 alter
555 405 627 468 fuso
652 404 738 487 quod
761 405 916 489 sanguine
934 405 1055 488 eampis

184 501 345 566 Hectoreo
368 502 472 565 victor
494 501 646 564 lustravit
670 522 802 584 corpore
826 501 963 565 Troiam.

185 620 297 664 rursus
313 599 425 662 acerba
439 598 588 682 fremunt,
597 596 688 661 Paris
698 596 783 661 huno
797 598 882 682 quod
895 598 976 661 letat
990 602 1024 661 et
1038 597 1133 662 huius
1142 615 1187 662 330
1243 659 1244 666 ,

185 697 278 760 firma
301 695 383 760 dolis
406 693 509 759 Ithaci
531 695 635 758 virtus
659 695 745 778 quod
768 695 906 759 concidit
927 695 1000 758 iota.

185 792 262 857 huic
284 793 369 877 gerit
392 813 520 856 3101303
544 791 651 875 010103
674 789 802 855 Laertia
825 792 934 855 vultus

186 894 219 952 et
241 890 307 953 iam
330 887 509 972 Strymonii
530 887 631 952 Rhesi
653 887 820 973 victorque
837 885 984 974 Dolonis,

186 985 315 1050 Pallade
338 986 403 1049 iam
424 986 563 1049 laetatur
586 1006 694 1070 ovans,
717 1007 891 1070 rursusque
913 986 1091 1050 tremescit:

187 1084 251 1148 iam
271 1081 406 1147 Oioonas
421 1081 549 1166 iamque
562 1082 673 1146 horret
691 1085 784 1146 atrox
801 1081 1039 1167 Laestrygonas
1053 1083 1131 1166 ipse.
1145 1099 1190 1147 330

187 1181 280 1245 illum
303 1177 411 1262 Scylla
433 1201 532 1263 rapax
555 1179 687 1243 canibus
711 1179 870 1244 succincta
891 1179 1044 1244 Molossis

187 1277 415 1360 Aetnaeusque
438 1274 585 1361 Cyclops,
607 1275 700 1338 illum
725 1275 876 1341 Zanclaea
900 1274 1081 1359 Charybdis

188 1375 407 1459 pallentesque
429 1374 517 1437 lacus
541 1377 574 1437 et
597 1373 743 1456 squalida
765 1371 899 1438 Tartara
921 1378 1052 1438 terrent.

187 1472 242 1536 hic
265 1475 297 1535 et
319 1471 489 1536 Tantaleae
513 1491 706 1555 generamen
726 1472 827 1554 prolis
850 1471 980 1536 Atrides

190 1567 321 1653 adsidet,
343 1567 503 1652 Argivum
525 1567 643 1652 lumen,
667 1589 730 1651 quo
754 1568 881 1633 flamma
903 1573 1035 1653 regente
1147 1589 1192 1636 333

189 1663 286 1728 Doris
309 1663 538 1728 Erichthonias
561 1665 738 1747 prostravit
760 1665 904 1728 funditus
928 1686 1025 1729 31003.

190 1762 327 1826 reddidit
348 1760 411 1824 heu
435 1759 551 1824 Graius
574 1781 693 1843 0001133
716 1761 787 1846 tibi,
808 1761 915 1847 Troia,
937 1763 1054 1848 ruenti,

190 1857 459 1942 Hellespontiacis
484 1857 632 1922 obiturus
655 1858 792 1922 reddidit
814 1857 916 1922 undis.

190 1957 247 2022 illa
268 1955 353 2020 vices
376 1954 543 2019 hominum
565 1958 684 2018 testata
707 1959 756 2020 est
779 1955 871 2038 copia
896 1955 1068 2040 quondam,

190 2077 231 2118 ne
254 2053 425 2137 quisquam
446 2053 594 2136 propriae
617 2051 765 2117 fortunae
786 2073 916 2116 munere
939 2052 1028 2116 dives
1148 2071 1193 2120 ³⁴0

190 2154 252 2216 iret
274 2151 437 2216 inereotus
461 2150 584 2214 caelum
607 2171 714 2233 super:
739 2171 831 2214 omne
852 2149 1035 2232 propinquo

190 2248 351 2334 frangitur
374 2247 511 2311 invidiae
529 2247 594 2311 telo
618 2246 720 2311 decus.
766 2247 835 2310 ibat
858 2247 893 2310 in
915 2247 1018 2311 altum

190 2347 240 2411 vis
262 2344 370 2428 Argea
393 2347 503 2429 petens
526 2343 665 2428 patriam
688 2344 851 2427 ditataque
874 2344 992 2427 praeda

191 2444 273 2508 arcis
296 2441 540 2527 Erichthoniae3
564 2462 668 2505 comes
691 2440 767 2504 huic
789 2445 858 2504 erat
881 2463 959 2504 aura
982 2442 1120 2506 secunda

191 2563 248 2626 per
269 2538 430 2623 placidum
453 2560 548 2602 cursu
570 2537 719 2622 pelagus3
742 2534 856 2601 Nereis
880 2537 920 2601 ab
944 2538 1029 2602 unda
1149 2555 1194 2604 340

193 2639 285 2722 signa
308 2636 415 2720 dabat,
437 2657 512 2718 pars
535 2635 661 2698 inflexis
685 2656 780 2718 super
804 2638 874 2698 acta
897 2635 1027 2698 carinis:

192 2757 265 2799 cum
288 2755 343 2796 seu
367 2732 495 2796 caelesti
518 2732 586 2795 fato
610 2753 666 2794 seu
690 2731 801 2795 sideris
825 2735 899 2795 ortu

192 2831 332 2914 undique
355 2833 499 2893 mutatur
522 2828 600 2892 caeli
622 2829 719 2914 nitor,
738 2829 846 2892 omnia
867 2829 983 2914 ventis,

194 2929 300 2992 omnia
323 2926 507 2991 turbinibus
532 2928 608 2990 sunt
631 2925 731 2989 anxia.
764 2925 829 2989 iam
850 2929 950 2990 maris
972 2926 1058 2990 unda

194 3024 351 3090 sideribus
375 3027 476 3112 certat
499 3042 699 3108 consurgere,
721 3023 849 3107 iamque
872 3043 1010 3106 superne
1148 3039 1194 3088 330

193 3122 352 3205 corripere
375 3124 407 3184 et
431 3120 514 3184 soles
538 3123 570 3182 et
594 3119 697 3183 sidera
720 3124 833 3184 cuncta
855 3119 999 3184 minatur

193 3242 230 3284 30
253 3240 344 3283 10010
366 3218 401 3282 in
423 3221 525 3282 terras
549 3216 628 3281 caeli
650 3217 767 3301 fragor.
796 3216 849 3280 hio
871 3217 968 3281 modo
990 3217 1113 3282 laetans

194 3317 286 3400 eopia
307 3337 393 3379 nuno
415 3315 540 3378 miseris
563 3313 777 3378 circumdatur
800 3313 894 3377 anxia
916 3313 994 3380 fetis

193 3412 439 3494 immoriturque
462 3433 557 3494 super
579 3410 696 3474 fluetus
719 3414 752 3474 et
775 3432 850 3474 saxa
874 3407 1029 3493 Capherei

193 3509 356 3577 Euboicas
380 3511 436 3570 aut
459 3530 514 3590 per
537 3511 645 3571 cautes
668 3507 856 3592 Aegaeaque
878 3505 943 3570 late
1149 3521 1195 3571 300
