2612 3964
994 2 1279 11 ----—----—-

406 231 554 286 VERGILI
572 233 705 288 AENEIS
724 233 762 287 Ill
1026 238 1089 300 159

83 392 232 478 Pergama
255 397 288 456 et
311 397 454 457 arentem
476 391 599 457 Xanthi
623 396 812 480 cognomine
835 397 939 462 rivom
1037 417 1089 464 330

84 491 236 576 adgnosco
263 489 440 574 Scaeaeque
465 491 640 573 amplector
663 493 775 557 limina
798 499 918 578 portae.

82 609 221 652 necnon
244 592 277 652 et
301 588 415 652 Teucri
439 588 524 651 socia
548 588 644 651 simul
667 590 747 654 urbe
770 592 930 657 fruuntur.

83 685 150 749 illos
173 685 354 768 porticibus
378 707 433 748 rex
457 684 632 767 accipiebat
655 685 690 748 in
713 686 841 769 amplis:

83 782 160 845 aulai
182 782 287 846 medio
311 782 458 844 libabant
481 781 596 864 pocula
618 781 735 846 Bacchi

82 879 237 962 impositis
263 899 340 942 auro
364 878 514 961 dapibus,
536 882 728 962 paterasque
750 881 918 946 tenebant·
1034 901 1087 950 333

120 975 251 1060 lamque
274 975 342 1038 dies
366 975 509 1058 alterque
533 975 599 1038 dies
622 977 793 1062 processit,
817 983 849 1042 et
873 1001 969 1043 aurae

81 1075 145 1137 vela
166 1077 283 1137 vocant
307 1071 493 1156 tumidoque
516 1071 648 1136 inflatur
670 1074 821 1138 carbasus
846 1081 970 1141 austro:

80 1171 126 1236 his
148 1174 256 1234 vatem
280 1169 448 1254 adgredior
472 1168 566 1233 dictis
590 1190 626 1232 ac
648 1170 727 1234 talia
751 1193 882 1255 quaeso:

81 1267 288 1352 ‘Troiugena',
310 1266 468 1348 interpres
493 1265 614 1348 divom,
637 1266 693 1348 qui
715 1269 847 1331 numina
870 1268 1005 1356 Phoebi,

80 1366 130 1450 qui
151 1363 312 1448 tripodas,
337 1360 436 1426 Clarii
459 1362 583 1445 laurus,
607 1363 662 1444 qui
686 1363 789 1428 sidera
812 1367 913 1430 sentis
1034 1386 1087 1434 333

80 1468 108 1526 33
127 1462 296 1526 volucrum
318 1459 446 1544 linguas
470 1463 502 1522 et
524 1459 685 1541 praepetis
710 1461 816 1525 omina
838 1463 968 1549 pinnae,

79 1561 139 1624 fare
162 1579 222 1644 age
247 1555 400 1644 (namque
423 1555 527 1620 omnis
551 1577 679 1618 cursum
702 1557 782 1622 mihi
804 1581 958 1643 prospera
981 1559 1064 1624 dixit

79 1656 201 1740 religio,
224 1658 258 1718 et
281 1652 388 1717 cuncti
411 1655 581 1715 suaserunt
603 1653 733 1717 numine
756 1654 822 1718 divi

78 1751 201 1815 ltaliam
222 1753 332 1834 petere
356 1753 388 1812 et
410 1753 513 1812 terras
536 1751 694 1831 temptare
716 1756 876 1837 repostas3

80 1851 141 1913 sola
163 1869 284 1912 novom
308 1846 457 1928 dictuque
480 1845 570 1908 nefas
593 1845 728 1929 harpyia
751 1845 888 1912 Celaeno
1032 1867 1085 1916 333

78 1945 258 2030 prodigium
281 1943 366 2006 canit
390 1947 422 2005 et
445 1943 549 2005 tristis
574 1942 743 2007 denuntiat
765 1945 830 2010 iras

79 2045 308 2124 obscenamque
330 2036 471 2125 famem),
497 2061 577 2122 quae
599 2040 704 2122 prima
725 2040 866 2123 pericula
888 2043 977 2106 vito?

78 2141 188 2224 quidve
213 2159 351 2221 sequens
374 2140 483 2200 tantos
506 2137 629 2218 possim
652 2159 801 2220 superare
824 2139 987 2204 labores‘l'

77 2238 124 2301 hic
145 2235 292 2301 Helenus
316 2233 416 2298 caesis
439 2233 578 2316 primum
600 2234 639 2296 de
660 2255 749 2298 more
771 2235 913 2300 iuvencis

77 2338 184 2399 exorat
207 2353 319 2417 pacem
342 2331 449 2394 divom
470 2330 634 2413 vittasque
656 2332 789 2396 resolvit
1032 2354 1085 2403 333

78 2431 190 2495 sacrati
213 2429 343 2513 capitis,
366 2449 479 2510 meque
502 2427 542 2490 ad
564 2431 621 2490 tua
643 2427 768 2513 limina,
790 2427 932 2517 Phoebe,

76 2528 139 2611 ipse
162 2548 262 2592 manu
284 2524 388 2588 multo
413 2545 604 2620 suspensum
625 2525 755 2589 numine
779 2526 881 2613 ducit,

78 2630 169 2708 atque
191 2625 272 2688 haec
295 2621 406 2688 deinde
430 2620 516 2699 canit
539 2621 647 2684 divino
671 2643 709 2686 ex
733 2643 788 2686 ore
811 2623 969 2689 sacerdos:

79 2723 159 2785 ‘nate
182 2721 242 2784 dea
266 2717 355 2805 (nam
377 2721 409 2780 33
432 2717 608 2781 maioribus
631 2719 678 2781 ire
701 2741 758 2801 per
781 2719 884 2784 altum

78 2819 224 2902 auspiciis
247 2815 419 2880 manifesta
441 2815 534 2900 fides,
557 2815 603 2878 sic
624 2815 692 2878 fata
715 2816 809 2880 deum
831 2839 887 2881 rex
1031 2839 1083 2887 333

78 2917 209 2980 sortitur
233 2914 399 2996 volvitque
422 2912 521 2996 vices,
543 2911 572 2975 is
594 2913 732 2976 vertitur
756 2911 863 3000 ordo),

77 3033 172 3092 pauca
195 3011 258 3075 tibi
282 3032 299 3074 3
321 3009 446 3092 multis,
469 3029 533 3091 quo
556 3009 659 3072 tutior
681 3009 811 3093 hospita
833 3012 951 3078 lustres

77 3129 212 3192 aequora
236 3111 268 3170 et
291 3105 437 3169 Ausonio
459 3105 565 3186 possis
588 3106 751 3170 considere
773 3111 885 3193 portu,

77 3205 238 3288 expediam
261 3202 369 3287 dictis;
391 3201 564 3285 prohibent
586 3224 661 3266 nam
684 3207 788 3267 cetera
810 3227 923 3288 parcae

76 3303 152 3365 scire
175 3299 337 3365 Helenum
358 3299 482 3382 farique
505 3302 593 3362 vetat
616 3297 768 3364 Saturnia
790 3301 879 3367 Iuno.
1030 3321 1083 3372 333

75 3398 229 3482 principio
253 3397 396 3482 Italiam,
419 3417 515 3480 quam
537 3400 575 3459 tu
597 3397 661 3460 iam
683 3418 753 3461 rere
775 3399 1003 3484 propinquam,

73 3495 271 3582 vicinosque,
293 3495 419 3580 ignare,
442 3515 535 3576 paras
559 3495 706 3559 invadere
729 3501 857 3581 portua,
