2612 3964
193 256 256 319 138
525 255 673 310 VERGILI
689 254 823 310 anmals
841 255 868 310 11

190 419 333 500 aerat0s;
355 416 482 499 iamque
506 417 611 480 excisa
633 417 725 480 trabe
747 417 840 480 firma
863 417 987 481 cavavit

190 512 309 576 robora
331 516 363 576 et
385 513 548 597 ingentem
571 514 638 577 lato
662 513 749 577 dedit
772 535 826 578 ore
848 514 1030 578 fenestram.

191 611 323 690 apparet
346 607 458 672 domus
481 609 571 674 intus
594 613 626 673 et
649 611 732 673 atria
755 610 852 695 longa
875 615 1058 695 patescunt,

190 709 346 788 apparent
368 704 488 769 Priami
511 711 543 770 et
565 711 710 770 veterum
732 707 909 792 penetralia
931 728 1058 792 regum,

190 805 395 885 armatosque
417 803 526 866 vident
550 803 667 866 stantis
689 803 725 866 in
746 803 856 867 limine
878 804 991 887 primo.
1150 821 1202 870 485

233 895 279 961 At
302 898 414 962 domus
437 899 572 962 interior
595 899 717 982 gemitu
739 900 920 984 miseroque
943 901 1087 964 tumultu

188 995 355 1082 miscetur,
377 996 568 1079 penitusque
591 1017 686 1060 cavae
708 995 919 1080 plangoribus
943 997 1034 1060 aedes

189 1091 334 1156 femineis
357 1093 496 1177 ululant3
519 1092 594 1156 ferit
618 1115 713 1157 aurea
737 1093 840 1157 sidera
863 1093 990 1157 elamor.

188 1190 260 1250 tum
282 1188 415 1270 pavidae
438 1188 532 1251 tectis
554 1193 674 1252 matres
697 1189 884 1273 ingentibus
908 1193 1015 1253 errant

189 1285 415 1369 amplexaeque
438 1289 548 1349 tenent
571 1289 681 1368 postes
705 1288 802 1368 atque
825 1285 934 1349 oscula
956 1285 1071 1370 figunt.
1151 1303 1204 1352 490

189 1381 291 1444 instat
314 1382 347 1445 vi
369 1383 474 1464 patria
496 1381 653 1466 Pyrrhus:
675 1403 734 1445 nec
758 1382 897 1446 'claustra
918 1403 976 1446 nee
998 1383 1063 1465 ipsi

189 1477 337 1541 custodes
361 1479 493 1542 sufferre
515 1480 636 1564 valent,
658 1479 747 1542 labat
771 1479 869 1542 ariete
892 1479 1002 1544 crebro

188 1573 298 1660 ianua,
321 1578 353 1638 at
376 1576 475 1639 emoti
497 1577 713 1659 procumbunt
735 1575 861 1639 cardine
884 1580 1007 1659 postes3

189 1670 228 1732 fit
249 1671 302 1734 via
324 1672 369 1755 ui,
392 1678 546 1756 rumpunt
569 1674 675 1737 aditus
697 1674 883 1756 primosque
905 1673 1067 1736 trucidant

189 1767 326 1832 immissi
348 1768 453 1832 Danai
475 1774 507 1834 et
530 1771 595 1834 late
618 1770 688 1834 loca
710 1769 814 1832 milite
836 1769 1006 1851 complent.
1150 1787 1204 1835 495

188 1885 256 1928 non
278 1865 337 1951 sie,
360 1867 532 1950 aggeribus
555 1868 661 1950 ruptis
684 1889 757 1930 eum
780 1887 930 1950 spumeus
953 1865 1055 1930 amnis

189 1961 256 2024 exit
279 1963 507 2047 oppositasque
529 1965 624 2028 evicit
647 1964 775 2048 gurgite
797 1963 913 2048 moles,

189 2058 291 2122 fertur
314 2060 349 2122 in
372 2083 448 2124 arva
470 2062 579 2125 furens
602 2061 729 2125 cumulo
753 2081 946 2143 camposque
969 2080 1026 2142 per
1049 2059 1157 2122 omnis

188 2177 261 2219 cum
284 2157 421 2221 stabulis
445 2162 588 2222 armenta
611 2159 720 2222 trahit.
766 2157 832 2221 vidi
854 2157 924 2239 ipse
946 2155 1108 2220 furentem

188 2253 281 2316 caede
299 2251 547 2336 Neoptolemum
565 2255 775 2340 geminosque
791 2254 828 2317 in
843 2253 955 2318 limine
973 2252 1117 2338 Atridas,
1149 2271 1201 2319 500

188 2349 253 2413 vidi
275 2349 441 2414 Hecubam
464 2356 654 2436 centumque
675 2373 776 2415 nurus
796 2349 1022 2432 Priamumque
1045 2372 1104 2432 per
1128 2374 1201 2416 aras

188 2447 344 2532 sanguine
367 2449 548 2512 foedantem
572 2471 652 2532 quos
676 2449 745 2532 ipse
768 2451 947 2513 sacraverat
969 2447 1064 2531 ignis.

188 2545 423 2630 quinquaginta
445 2545 494 2608 illi
517 2546 667 2632 thalami,
689 2567 762 2629 spes
786 2545 892 2626 ampla
914 2547 1087 2630 nepotum,

189 2641 353 2706 barbarico
376 2645 486 2725 postes
509 2665 587 2707 auro
611 2642 787 2726 spoliisque
810 2640 940 2723 superbi

186 2739 397 2823 procubuere,
419 2743 530 2802 tenent
553 2737 671 2823 Danai,
695 2761 758 2823 qua
781 2737 887 2802 deficit
909 2737 1004 2820 ignis.
1148 2758 1202 2806 505

231 2833 382 2898 Forsitan
404 2840 436 2898 et
458 2835 579 2899 Priami
602 2836 723 2899 fuerint
747 2857 827 2919 quae
849 2835 916 2897 fata
939 2834 1093 2918 requiras.

186 2931 276 2995 urbis
300 2932 349 2995 uti
372 2937 482 3015 captae
505 2955 613 2996 casum
636 2933 849 3015 convolsaque
872 2931 953 2994 vidit

186 3028 298 3092 limina
320 3033 479 3092 tectorum
502 3034 534 3093 et
556 3030 696 3094 medium
718 3030 754 3093 in
775 3029 994 3113 penetralibus
1017 3029 1165 3116 hostem,

185 3150 274 3190 arma
297 3127 351 3190 diu
374 3127 480 3191 senior
503 3128 633 3191 desueta
655 3125 868 3190 trementibus
892 3147 969 3190 aevo

185 3224 359 3288 circumdat
380 3224 576 3307 nequiquam
597 3222 716 3286 umeris
741 3227 773 3286 et
795 3223 910 3286 inutile
933 3222 1054 3286 ferrum
1147 3243 1203 3292 510

184 3321 326 3406 cingitur
349 3343 385 3384 ac
408 3321 522 3384 densos
545 3321 649 3384 fertur
671 3319 848 3384 moriturus
871 3319 906 3382 in
927 3319 1041 3384 hostis.

185 3419 315 3482 aedibus
339 3418 373 3480 in
395 3417 508 3480 mediis
531 3417 680 3501 nudoque
703 3417 762 3480 sub
787 3416 925 3480 aetheris
949 3438 1006 3480 axe

183 3515 297 3599 ingens
323 3537 378 3578 ara
401 3514 464 3576 fuit
486 3514 639 3597 iuxtaque
662 3514 832 3578 veterrima
854 3514 981 3598 laurus,
