2612 3964
437 246 584 301 VERGlLl
602 245 734 301 AENEIS
752 247 778 300 ll
1048 247 1110 312 125

97 413 131 472 et
156 409 185 472 si
207 410 275 473 fata
293 409 406 494 deum,
430 409 457 472 si
479 430 569 472 mens
591 430 658 473 non
681 409 771 472 laeva
794 409 922 494 fuisset,

97 506 272 587 impulerat
294 505 380 569 ferro
403 503 571 588 Argolicas
595 505 722 569 foedare
744 506 899 591 latebras,
1077 523 1109 570 55
1156 502 1179 588 ³,

96 603 259 686 Troiaque
282 624 368 667 nunc
392 605 506 686 staret,
528 601 711 686 Priamique
735 625 792 674 arx
816 603 882 666 alta
904 625 1056 666 munerea.
1147 598 1155 693 J

141 700 226 763 Ecce
248 721 363 764 manus
386 701 532 764 iuvenem
555 699 678 763 interea
699 703 775 784 post
798 703 889 784 terga
912 700 1091 764 revinctum
1145 724 1150 770 ι
1185 702 1199 748 ’ψ

95 801 246 880 pastores
269 817 387 880 magno
412 795 451 858 ad
473 816 582 880 regem
604 795 742 860 clamore
765 795 938 860 trahebant

94 893 314 979 Dardanidae,
338 893 394 975 qui
417 914 450 956 se
473 893 622 976 ignotum
643 893 845 957 venientibus
870 893 970 979 ultre,
1024 910 1026 913 ·

94 991 158 1054 hoc
181 991 289 1073 ipsum
312 994 350 1052 ut
374 992 512 1054 strueret
535 989 727 1074 Troiamque
750 991 888 1073 aperiret
910 989 1055 1074 Achivis,
1075 1005 1106 1054 60
1202 1014 1209 1027 ·

94 1089 276 1173 obtulerat,
298 1087 399 1150 fidens
423 1086 522 1150 animi
545 1090 640 1170 atque
662 1087 698 1152 in
719 1089 891 1170 utrumque
914 1090 1060 1172 paratus,

93 1207 153 1248 seu
177 1205 305 1247 versare
329 1183 420 1246 dolos
444 1205 499 1247 seu
522 1187 626 1247 certae
649 1184 834 1248 occumbere
855 1185 961 1248 morti.

72 1281 240 1364 'undique
263 1281 387 1344 visendi
411 1281 517 1344 studio
541 1280 679 1344 Troiana
701 1281 850 1344 iuventus

92 1377 291 1442 circumfusa
312 1376 393 1462 ruit,
417 1380 603 1460 certantque
625 1377 768 1442 inludere
791 1382 893 1461 capto.

93 1475 205 1558 accipe
227 1494 312 1537 nunc
334 1471 483 1536 Danaum
505 1473 653 1560 insidias,
675 1477 707 1538 et
731 1474 862 1538 crimine
887 1475 926 1538 ab
949 1497 1013 1538 uno
1073 1493 1106 1539 os

92 1573 183 1636 disce
208 1571 319 1635 omnis.

91 1689 237 1752 namque
259 1672 296 1731 ut
311 1666 492 1751 ¹conspectu
514 1668 549 1730 in
570 1669 674 1732 medio
697 1668 848 1732 turbatus
872 1668 1002 1732 inermis

92 1765 247 1833 constitit
270 1768 366 1848 atque
390 1765 490 1828 oc'ulis
512 1763 654 1848 Phrygia
678 1765 805 1849 agmina
828 1766 1065 1849 circumspexit:

92 1866 174 1928 ‘heu
193 1885 274 1946 quae
289 1883 375 1926 nunc
389 1861 496 1926 tellus'
512 1861 628 1948 inquit,
646 1861 739 1944 ‘quae
752 1883 803 1924 me
817 1883 956 1945 aequora
969 1866 1105 1945 possunt

92 1959 261 2044 accipere?
285 1963 342 2022 aut
361 1959 438 2042 quid
455 1958 519 2022 iam
537 1958 654 2022 misero
673 1958 753 2021 mihi
772 1959 907 2042 denique
925 1959 1047 2022 restat?
1072 1977 1104 2027 70

91 2060 148 2124 cui
171 2079 275 2140 neque
298 2057 383 2139 apud
405 2055 534 2119 Danaos
557 2077 693 2138 usquam
715 2055 818 2139 locus,
842 2061 874 2118 et
897 2078 992 2138 super
1014 2056 1077 2138 ipsi

91 2154 298 2221 Dardanidae
320 2153 438 2217 infensi
461 2174 579 2236 poenas
603 2174 676 2216 cum
699 2153 854 2236 sanguine
876 2154 1034 2236 poscunt?

92 2276 162 2338 quo
187 2252 309 2337 gemitu
332 2250 477 2314 conversi
499 2249 598 2312 animi
621 2271 821 2333 compressus
846 2254 877 2314 et
901 2250 1004 2314 omnis

91 2352 244 2433 impetus.
289 2347 456 2411 hortamur
478 2347 552 2432 fari,
576 2368 640 2429 quo
664 2347 818 2430 sanguine
841 2349 946 2410 cretus

92 2449 193 2531 quive
215 2446 299 2530 fuat,
321 2465 476 2508 memores
500 2465 581 2526 quae
604 2443 647 2506 sit
670 2444 785 2507 fiducia
808 2447 910 2526 capto.
1070 2461 1102 2510 ro

141 2541 276 2607 'Cuncta
299 2541 444 2624 equidem
467 2541 543 2626 tibi,
566 2562 630 2625 rer,
654 2541 752 2604 fuerit
775 2541 1005 2626 quodcumque,
1027 2542 1104 2606 fate-

892 2638 952 2702 bor
1070 2657 1102 2704 77

92 2738 183 2802 vera’
206 2737 327 2822 inquit,
351 2733 465 2820 ‘neque
487 2759 537 2800 me
559 2735 712 2820 Argolica
735 2736 773 2800 de
796 2739 891 2820 gente
913 2735 1049 2820 negabo:

91 2836 157 2900 hoc
180 2835 335 2918 primum3
357 2854 428 2918 nec,
451 2833 479 2896 si
501 2833 653 2896 miserum
675 2834 805 2898 fortuna
829 2830 977 2896 Sinonem

92 2932 204 3016 finxit,
226 2952 345 2995 vanum
368 2930 465 2993 etiam
487 2930 732 3014 mendacemque
753 2929 901 3013 improba
923 2929 1031 3014 finget.
1069 2947 1102 2996 80

91 3030 191 3094 fando
216 3027 347 3111 aliquod
371 3027 398 3090 si
421 3027 505 3090 forte
527 3031 600 3090 tuas
623 3027 768 3110 pervenit
791 3027 831 3090 ad
853 3027 939 3090 auris

92 3127 223 3190 Belidae
246 3145 366 3188 nomen
386 3121 563 3188 Palamedis
587 3129 618 3188 et
641 3125 762 3188 incluta
784 3125 869 3188 fama

91 3223 213 3308 gloria,
237 3243 334 3304 quem
355 3220 437 3284 falsa
460 3221 519 3284 sub
542 3221 723 3304 proditione
745 3220 872 3305 Pelasgi

69 3323 255 3416 insontem
278 3318 409 3382 infando
433 3318 563 3410 indicio,
587 3319 662 3401 quia
684 3318 768 3381 bella
791 3318 935 3402 vetabat,

88 3521 141 3581 illa
166 3521 240 3580 haec
265 3517 403 3594 deposita
425 3517 545 3577 tandem
569 3519 726 3578 formidine
750 3519 831 3577 fatur
