2580 3962
261 306 291 360 P..
311 305 459 360 VERGILI
477 305 640 360 MARONIS
660 305 855 360 NARRATIO.
1041 305 1065 358 V

71 466 203 547 praedita
221 489 322 550 prope
340 467 448 530 nullis.
480 488 538 530 nec
556 466 724 530 bucolicon
741 467 967 551 prolegomena
985 487 1065 549 quae

69 565 210 626 secuntur
242 563 353 627 eodem
382 563 511 626 nomine
540 562 681 626 illustria
710 564 856 646 quamvis
887 563 1065 626 manifestis

69 659 205 722 inscitiae
225 681 298 723 vere
321 658 476 723 barbarae
497 659 631 722 maculis
651 659 820 742 deturpata
841 659 924 722 nihil
945 659 1066 722 habent

70 755 146 838 quod
165 755 205 818 ad
219 754 344 838 Berytii
362 755 585 820 auctoritatem
599 755 810 838 probabiliter
824 755 928 839 possit
945 754 1064 818 referri.

126 850 225 915 Probi
244 873 283 915 ex
297 853 526 918 commentario
544 852 641 916 etiam
659 857 736 917 tunc
749 853 876 936 integro
891 852 1065 934 ceterisque

67 969 98 1010 ex
119 949 279 1034 fontibus,
301 948 439 1012 maxime
462 953 569 1012 autem
590 949 626 1012 ni
648 947 743 1013 fallor
765 971 803 1012 ex
826 948 959 1012 Asconii
980 947 1064 1010 libro

67 1041 266 1108 Suetonius
291 1048 327 1110 de
348 1046 426 1110 uiris
448 1045 619 1110 illustribus
642 1045 784 1109 scribens
807 1046 908 1110 vitam
928 1043 1064 1128 Vergilii

66 1142 273 1226 concinnavit,
298 1164 394 1226 quam
418 1141 543 1206 saeculo
567 1146 682 1225 quarto
706 1143 810 1206 medio
836 1141 969 1205 Aelius
992 1139 1064 1204 Do-

64 1242 168 1302 natus
188 1238 294 1302 obiter
312 1241 519 1302 retractatam
538 1261 556 1301 a
575 1234 640 1324 se1)
659 1237 886 1303 commentario
905 1257 1064 1320 11111111-

63 1335 177 1418 posuit,
207 1356 271 1418 quo
298 1335 419 1399 factum
442 1340 492 1399 est
515 1339 552 1398 ut
574 1335 676 1398 bonae
698 1334 802 1418 frugis
825 1335 933 1418 plena,
957 1355 1064 1417 quam-

64 1452 153 1513 quam
170 1432 298 1496 fabellis
317 1432 437 1516 partim
455 1431 574 1514 ineptis
592 1431 722 1494 minime
736 1431 848 1517 libera,
866 1432 904 1495 de
917 1431 1063 1515 Vergilio

62 1529 209 1592 memoria
227 1529 321 1592 nobis
341 1549 468 1612 quoque
488 1532 612 1591 servata
632 1528 682 1592 sit.
715 1551 810 1612 quarn
829 1529 959 1594 resectis
979 1529 1063 1592 addi·

62 1627 207 1689 tamentis
237 1647 318 1709 quae
346 1647 384 1689 ex
413 1623 515 1689 Servii
543 1625 770 1690 commentario
798 1627 900 1709 petita
928 1630 1004 1689 sunt
1031 1631 1063 1688 et

62 1722 151 1785 medii
179 1722 249 1784 aevi
281 1722 426 1806 ineptiis,
459 1743 539 1805 quae
566 1722 601 1784 in
629 1722 764 1786 noviciis
796 1721 1061 1808 exemplaribus2)

61 1819 193 1902 genuino
226 1819 331 1882 textui
363 1840 491 1901 aspersa
520 1817 554 1882 P.
582 1817 698 1882 Daniel
730 1819 852 1902 primus
884 1821 968 1883 inter
1001 1821 1062 1882 edi-

61 1919 143 1978 tores
166 1919 344 1999 spreverat,
367 1915 406 1978 ad
429 1915 572 1978 codicum
595 1915 690 1978 fidem
713 1917 871 1980 recensuit
894 1915 1062 2000 Augustus

60 2010 334 2076 Reifferscheidius
353 2011 388 2074 in
406 2012 490 2075 libro
511 2033 574 2094 quo
590 2009 735 2076 Suetonii
752 2017 878 2095 praeter
892 2011 1062 2077 Caesarum

60 2109 156 2172 libros
178 2109 332 2191 reliquias
356 2109 486 2192 collegit
509 2131 539 2192 p.
559 2106 602 2172 54
615 2131 682 2192 sqq.
707 2114 844 2192 postque
868 2131 940 2172 eum
959 2109 1062 2174 denuo

60 2204 96 2268 Η.
117 2205 241 2290 Hagen,
264 2205 319 2288 qui
343 2205 473 2268 scholiis
492 2204 708 2270 Bernensibus
731 2207 849 2271 iterum
873 2229 891 2270 a
914 2229 947 2270 se
969 2207 1062 2270 editis

60 2303 222 2384 praemisit
258 2301 293 2364 in
330 2301 492 2365 annalium
528 2302 798 2387 philologieorum
833 2303 1062 2385 supplementis

61 2399 117 2462 vol.
135 2397 182 2463 IV
200 2421 231 2481 p.
251 2397 316 2462 734
331 2419 409 2482 sqq,
432 2399 502 2480 ipso
523 2396 670 2463 Suetonii
686 2399 770 2464 libro
790 2422 869 2464 usus
888 2399 1062 2482 discipulus

61 2493 175 2558 Donati
195 2493 226 2558 S.
240 2493 496 2576 Hieronymus
518 2495 742 2560 additamentis
762 2497 802 2560 ad
819 2496 953 2560 Eusebii
975 2496 1063 2560 chro-

61 2593 150 2656 nicon
168 2613 271 2674 pauca
287 2591 361 2655 inde
381 2596 529 2675 excerpta
546 2592 690 2656 inseruit.
720 2592 842 2657 Donati
861 2597 967 2656 autem
981 2615 1063 2657 com-

61 2689 282 2753 mentariolum
296 2689 331 2751 in
344 2709 455 2752 versus
474 2689 597 2772 redegit
609 2686 773 2752 Prisciano
794 2688 955 2771 antiquior
969 2687 1063 2754 Pho-

61 2806 130 2869 cas,
154 2785 383 2870 grammaticus
402 2785 492 2848 urbis
511 2784 641 2870 Romae,
660 2787 715 2870 qui
733 2787 768 2848 in
786 2787 848 2850 fine
866 2787 1006 2849 truncati
1025 2787 1064 2850 ad

60 2903 114 2946 nos
128 2887 356 2966 pervenerunt:
371 2885 482 2946 extant
496 2883 531 2946 in
544 2883 653 2947 eodem
665 2883 749 2946 libro
762 2881 1063 2946 Reifferscheidiano

60 3000 84 3058 p.
108 2979 149 3044 68
175 3000 243 3063 sqq.
273 2976 325 3064 (cf.
354 2977 495 3042 eiusdem
523 2984 658 3062 quaestt.
688 2977 787 3044 Suett.
815 3002 845 3062 p.
869 2979 934 3042 403
958 3001 1004 3061 sq.
1032 2984 1064 3042 et

61 3095 135 3157 quae
163 3075 206 3139 M.
231 3073 394 3158 Hauptius
424 3075 458 3138 in
488 3075 626 3139 Hermae
654 3073 754 3139 voli
786 3099 815 3158 p.
839 3077 879 3138 41
914 3075 1063 3162 monuit).

128 3223 147 3291 ¹)
167 3221 207 3278 cf.
223 3221 468 3276 Reifferscheidius
488 3225 607 3290 quaestt.
629 3223 758 3276 Suetonn.
776 3227 837 3290 401,
857 3222 902 3276 cui
917 3220 1063 3275 oblocutus

62 3291 165 3347 Riesius
185 3293 203 3348 l.
220 3293 238 3346 l.
258 3309 333 3346 mere
351 3292 502 3362 repetitum
521 3310 538 3346 a
556 3294 666 3346 Donato
686 3293 811 3347 Suetonii
835 3293 1064 3346 commentarium

62 3377 115 3416 esse
133 3382 190 3418 non
206 3362 404 3431 contendisset,
423 3363 447 3416 si
462 3364 620 3417 accuratius
634 3364 720 3418 verba
738 3363 814 3416 illius
828 3363 1062 3431 perlustravisset.

62 3431 183 3488 Ceterum
202 3435 237 3489 cf.
257 3433 418 3503 Nettleship
438 3434 550 3488 ancient
567 3435 630 3488 lifes
649 3434 681 3488 of
695 3433 793 3502 Vergil
812 3439 888 3486 1879.

127 3504 146 3574 ’)
170 3506 201 3558 in
224 3504 360 3558 Bemensi
385 3503 479 3558 codice
504 3509 554 3557 527
579 3505 684 3572 saeculi
707 3503 856 3556 XIV-XV
881 3507 908 3557 et
932 3504 960 3556 in
984 3503 1063 3557 libris

61 3571 209 3644 impressis:
229 3575 295 3628 vide
314 3575 461 3644 Hagenum
480 3574 497 3628 l.
513 3575 531 3627 l.
551 3594 576 3644 p.
597 3581 655 3628 680.
1111 3599 1112 3602 =
