2514 3966
179 258 243 323 316
505 261 651 316 VERGILI
672 262 802 316 AENEIS
820 263 858 316 IX

178 421 329 486 canitiem
352 423 444 508 galea
466 423 651 510 premimus,
674 425 860 508 semperque
883 425 1021 490 recentis

178 522 379 601 comportare
402 521 492 583 iuvat
514 519 647 603 praedas
671 524 703 583 et
726 521 833 585 vivere
856 525 957 606 rapto.

178 613 272 678 vobis
295 615 383 698 pieta
406 637 497 682 croco
522 621 554 681 et
576 616 715 701 fulgenti
737 619 858 682 murice
880 619 990 703 vestis,

177 711 317 776 desidiae
341 712 438 797 cordi,
461 713 551 776 iuvat
574 713 739 798 indulgere
762 714 901 799 choreis,
1138 732 1194 780 615

178 812 210 872 et
233 809 359 874 tunicae
382 811 522 874 manicas
547 814 578 873 et
601 809 723 874 habent
745 810 932 876 redimicula
954 811 1079 875 mitrae.

178 927 196 968 ο
220 928 293 970 vere
316 905 476 992 Phrygiae
499 905 617 994 (neque
640 909 725 972 enim
747 906 918 996 Phryges),
940 909 986 973 ite
1008 931 1067 993 per
1091 909 1158 972 alta

178 1001 348 1090 Dindyma,
370 1004 427 1068 ubi
450 1004 590 1068 adsuetis
614 1004 751 1069 biforem
773 1004 827 1068 dat
850 1005 933 1070 tibia
956 1008 1101 1070 cantum!

177 1105 332 1184 tympana
354 1123 412 1166 vos
436 1101 605 1185 buxusque
628 1105 722 1165 vocet
744 1101 935 1185 Berecyntia
957 1101 1074 1166 Matris

176 1196 300 1262 Idaeae:
325 1198 421 1262 sinite
445 1221 533 1262 arma
555 1198 633 1262 viris
658 1202 689 1262 et
713 1198 814 1262 cedite
836 1199 943 1263 ferro?
1136 1216 1188 1265 620

221 1293 311 1359 Talia
333 1295 507 1360 iactantem
530 1295 624 1359 dictis
648 1317 685 1359 ac
706 1295 776 1359 dira
799 1299 966 1360 canentem

175 1413 243 1456 non
264 1392 341 1455 tulit
362 1391 531 1478 Ascanius,
552 1413 715 1477 nervoque
738 1391 891 1457 obversus
910 1394 1027 1477 equino

176 1489 315 1554 intendit
337 1489 439 1553 telum
462 1491 650 1572 diversaque
672 1488 821 1553 bracchia
843 1489 960 1554 ducens

177 1585 332 1671 constit‘t‚
356 1590 431 1650 ante
452 1585 562 1650 Iovem
585 1586 722 1669 supplex
745 1608 802 1670 per
824 1590 899 1650 vcta
922 1590 1085 1671 precatus:

177 1681 333 1766 ‘luppiter
357 1683 569 1767 omnipotens,
593 1683 765 1746 audacibus
789 1684 892 1747 adnue
910 1684 1041 1766 coeptis.
1134 1699 1186 1750 erc

176 1780 245 1863 ipse
269 1780 330 1843 tibi
355 1780 394 1843 ad
416 1784 474 1843 tua
496 1780 616 1863 templa
640 1779 741 1842 feram
765 1780 932 1844 sollemnia
955 1781 1039 1845 dona

176 1881 208 1940 et
232 1880 372 1940 statuam
395 1881 469 1940 ante
493 1899 563 1940 aras
588 1881 699 1940 aurata
722 1877 828 1940 fronte
851 1877 1021 1940 iuvencum

176 1974 363 2038 candentem
385 1974 570 2058 pariterque
593 1978 689 2058 eaput
713 1995 785 2038 cum
807 1979 909 2038 matre
932 1974 1098 2060 ferentem,

175 2071 240 2134 iam
262 2091 362 2135 cornu
384 2073 473 2155 petat
496 2075 528 2134 et
550 2070 685 2154 pedibus
710 2071 765 2154 qui
789 2074 920 2155 spargat
942 2070 1117 2136 harenam?

176 2166 278 2231 audiit
301 2172 332 2232 et
356 2169 434 2232 caeli
457 2169 584 2252 genitor
607 2168 645 2231 de
668 2171 759 2251 parte
783 2190 894 2232 serena
1133 2185 1182 2235 630

175 2264 317 2328 intonuit
339 2265 472 2350 laevom,
496 2269 589 2328 sonat
612 2285 677 2328 una
699 2264 807 2327 fatifer
831 2286 935 2328 arcus:

175 2362 289 2447 effugit
311 2361 506 2426 horrendum
530 2361 668 2425 stridens
693 2361 827 2425 adducta
851 2361 972 2445 sagitta

174 2481 294 2542 perque
317 2463 413 2543 caput
436 2458 564 2522 Remuli
587 2458 731 2540 renitet
754 2479 830 2522 cava
852 2462 999 2541 tempora
1021 2459 1107 2524 ferro

174 2555 334 2640 transigit.
381 2555 414 2640 (ἱ,
436 2554 542 2618 verbis
566 2555 719 2618 virtutem
742 2554 850 2618 inlude
874 2556 1037 2642 superbis!

174 2652 225 2716 bis
245 2653 331 2736 eapti
349 2651 493 2736 Phryges
510 2651 589 2714 haec
606 2649 737 2715 Rutulis
757 2673 912 2735 responsa
929 2653 1121 2740 remittunt,'
1132 2669 1179 2720 6³5

174 2749 235 2813 hoc
257 2753 385 2812 tantum
407 2748 573 2812 Ascanius.
620 2747 733 2812 Teucri
756 2749 894 2813 clamore
917 2755 1068 2814 secuntur

173 2844 362 2929 laetitiaque
384 2846 525 2910 fremunt
549 2845 736 2928 animosque
760 2847 800 2909 ad
824 2846 927 2910 sidera
949 2848 1079 2912 tollunt.

175 2940 316 3004 aetheria
338 2945 408 3004 tum
430 2940 514 3004 forte
537 2940 633 3025 plaga
656 2941 791 3006 crinitus
815 2943 934 3027 Apollo

174 3038 309 3120 desuper
331 3035 493 3102 Ausonias
517 3038 599 3102 acies
623 3038 799 3122 urbemque
821 3040 959 3127 videbat,

94 3169 97 3175 ·
173 3133 259 3197 nube
282 3133 403 3220 sedens,
426 3138 523 3218 atque
545 3134 597 3199 his
620 3136 775 3201 victorem
798 3137 926 3202 adfatur
947 3138 1067 3204 Iulum:
1131 3156 1175 3206 640

175 3230 288 3294 ‘macte
310 3252 394 3294 nova
416 3231 546 3316 virtute,
569 3255 660 3315 puer:
684 3233 730 3296 sie
753 3233 820 3297 itur
843 3235 882 3298 ad
905 3239 1002 3322 astra,

0 3390 1 3393 ,
133 3376 137 3409 ,
174 3327 223 3391 dis
247 3327 354 3412 genite
378 3331 410 3391 et
432 3329 579 3412 geniture
602 3329 686 3394 deos.
732 3330 802 3394 iure
825 3331 933 3394 omnia
955 3330 1041 3396 bella

173 3430 269 3510 gente
293 3424 352 3488 sub
376 3423 526 3489 Assaraci
548 3426 617 3490 fato
640 3430 775 3491 ventura
797 3427 948 3514 resident,

134 3536 137 3554 ¹
173 3524 286 3614 necte
310 3519 407 3584 Troia
429 3521 534 3604 capit?
583 3523 679 3586 simul
699 3523 778 3588 haec
801 3524 915 3589 effatus
939 3525 979 3590 ab
1003 3525 1070 3592 alto
