2580 3962
303 247 332 300 P.
347 246 495 300 VERGILI
514 247 676 302 MARONIS
696 247 892 303 NAthATIO.
1040 249 1103 301 XIII

93 408 367 491 ‘condiscipulus'
397 405 535 492 Vergilii
563 408 662 472 fuisse
689 409 840 493 traditur,
872 411 1008 474 fortasse
1041 411 1105 473 iam

93 503 271 569 Cremonae
290 505 342 568 vel
360 503 533 568 Mediolani
554 505 725 587 puerilium
744 504 923 570 studiorum
942 507 1104 570 consortio

93 603 195 666 iuncti
214 603 356 666 fuerunt.
395 603 581 682 Quintilium
601 602 719 666 Verum
738 599 867 668 Servius
887 604 926 667 ad
946 605 1001 668 ecl.
1016 602 1047 667 V
1061 604 1104 666 20

96 700 194 763 etiam
215 703 389 782 cognatum
402 698 540 783 Vergilii
559 698 648 782 dicit3
670 699 756 781 quod
775 699 900 763 etiamsi
919 722 956 762 ex
975 699 1105 764 Horatii

93 819 189 860 carm.
209 793 226 859 I
244 796 289 858 24
311 795 423 858 fictum
447 795 489 857 sit
498 793 532 880 1),
556 798 640 858 certe
663 796 804 878 equitem
822 795 1002 860 Romanum
1020 798 1105 860 inter

93 894 259 957 litteratos
289 891 379 954 urbis
407 891 527 954 clarum
551 896 799 956 consentaneum
822 897 871 956 est
894 893 1103 958 adulescentis

93 1012 164 1053 oum
192 1011 244 1052 res
274 989 438 1052 universas
467 992 538 1051 tum
565 988 690 1070 poetica
719 990 825 1054 studia
852 994 884 1053 et
912 991 1045 1054 consilio
1072 995 1104 1054 et

93 1086 304 1150 conciliandis
322 1085 458 1149 aliorum
477 1085 626 1148 amicitiis
643 1106 835 1170 magnopere
852 1087 1018 1150 adiuvisse.
1046 1107 1105 1150 nee

92 1183 206 1247 dubito
236 1183 315 1265 quin
343 1181 574 1266 elegantissimi
602 1183 634 1242 et
662 1181 861 1265 integerrimi
883 1183 992 1246 iudicii
1014 1184 1104 1247 fami-

12 1347 13 1352 ,
92 1280 179 1360 liari,
213 1277 304 1341 cuius
337 1277 422 1340 inter
452 1277 588 1340 virtutes
618 1277 818 1361 ‘incorrupta
847 1279 924 1343 fides
955 1280 1103 1362 nudaque

93 1375 227 1439 veritas'
245 1375 389 1456 insignes
414 1377 505 1436 erant
529 1371 621 1458 (Hor.
635 1373 656 1436 l.
669 1373 715 1462 I.),
738 1375 901 1460 Vergilius
924 1378 1044 1459 pariter
1067 1382 1103 1441 ut

92 1472 252 1536 Horatius
277 1468 329 1556 (cf.
350 1494 375 1533 a.
395 1493 425 1553 p.
440 1470 504 1534 438
517 1468 600 1556 sqq.)
626 1471 780 1554 quidquid
802 1475 973 1556 scripserat
994 1475 1104 1537 carmi-

92 1591 172 1634 num
195 1569 386 1651 priusquam
410 1567 515 1631 ederet
533 1566 755 1654 recitaverit).
787 1569 958 1634 Aemilium
977 1592 1103 1655 quoque

93 1667 246 1731 Moerum
266 1665 402 1728 amioum
422 1665 489 1728 eius
509 1664 608 1727 fuisse
628 1664 706 1727 satis
723 1662 891 1752 constat³),
911 1688 1104 1750 quamquam

92 1765 149 1827 ubi
179 1762 381 1846 cognoverit,
413 1759 576 1825 Romaene
608 1782 649 1824 an
680 1761 715 1823 in
744 1758 850 1824 Gallia
881 1763 1104 1848 transpadana,

91 1860 262 1924 nescimus.
315 1862 348 1920 at
380 1880 398 1920 a
430 1856 520 1921 Furii
552 1856 699 1920 Bibaculi
730 1859 959 1922 consuetudine
990 1861 1103 1924 abhor-

92 1957 196 2020 ruisse
220 1955 348 2018 videtur
371 1975 443 2017 oum
468 1957 601 2038 propter
624 1954 773 2017 acerbum
794 1956 1026 2020 mordacissimi
1048 1957 1103 2020 ho-

94 2053 190 2116 minis
219 2051 398 2134 ingenium,
425 2051 606 2114 mitissimis
632 2049 775 2113 Maronis
802 2051 946 2115 moribus
973 2053 1103 2117 minime

12 2209 13 2220 ,
94 2148 301 2228 conveniens,
328 2149 399 2210 tum
427 2148 502 2230 quia
526 2145 697 2211 (laesarum
725 2147 895 2212 acerrimus
924 2151 1103 2234 exagitator

95 2251 178 2310 certe
212 2266 323 2308 eorum
355 2244 410 2326 qui
441 2245 634 2307 Maecenatis
667 2248 699 2307 et
732 2241 898 2308 Octaviani
930 2245 1102 2310 familiares

85 2342 297 2406 *habebantur
320 2363 414 2403 usum
438 2340 645 2404 declinavisse
669 2340 858 2403 statuendus
882 2344 939 2402 est.

182 2436 296 2522 Neque
330 2459 402 2500 oum
434 2435 533 2502 Calvo
566 2442 622 2501 aut
651 2435 797 2499 Varrone
829 2435 965 2501 Atacino
1001 2439 1103 2502 ullum

12 2659 13 2662 ,
169 2604 187 2672 ¹)
208 2601 248 2657 cf.
263 2601 459 2656 Pseudoacron
477 2602 513 2654 ad
531 2603 596 2656 Hor.
611 2602 629 2656 l.
645 2601 730 2656 1.v.1
748 2601 871 2670 ‘quidam
887 2609 977 2656 aetem
989 2606 1103 2670 fratrem

12 2723 13 2732 .
99 2675 216 2744 Vei-pilii
232 2674 305 2727 tome
322 2673 418 2727 ootomt
432 2674 508 2752 ’esse’

168 2745 188 2812 ²)
208 2742 248 2798 cf.
265 2743 295 2798 L.
311 2741 452 2796 Schwabn
470 2744 589 2812 quaestt.
606 2741 707 2796 Catull.
723 2747 774 2796 289
785 2759 845 2810 sqq.
867 2743 923 2797 ‘hic
940 2751 998 2799 erut
1017 2746 1102 2815 Quia-

12 2847 13 2852 .
81 2818 172 2872 tilius
191 2815 281 2870 Veros
301 2813 492 2881 Cremonensis,
511 2817 613 2868 amicos
633 2814 754 2882 Vergilii,
772 2830 849 2882 eques
863 2815 1021 2869 Romomms'
1036 2816 1102 2869 Por-

93 2886 215 2956 phyrion
233 2885 270 2938 ad
288 2885 353 2937 Hor.
373 2901 397 2938 a.
417 2903 444 2953 p.
458 2889 518 2938 438.
556 2885 721 2954 ‘Quintilios
740 2884 924 2939 Oremomemsis
947 2886 1061 2956 Vergilii
1079 2894 1104 2941 ct

94 2957 211 3012 Horatii
228 2956 378 3022 familiaris
396 2956 526 3010 rnoritmr'
546 2957 581 3025 (a.
598 2957 659 3022 730)
678 2954 872 3022 Hieronymus.

167 3027 187 3096 ³)
209 3027 285 3080 ‘haec
303 3027 394 3095 ecloga
412 3027 443 3078 im
457 3026 603 3094 persomas’
625 3027 707 3094 (daos
725 3025 789 3078 add.
809 3026 919 3096 Hagen)
938 3026 1039 3080 ‘diviso
1057 3035 1102 3093 est,

99 3099 211 3169 Virgilii
228 3097 329 3150 seilicet
346 3103 372 3150 et
389 3096 503 3150 Aemilii
520 3097 629 3162 Macri;
651 3097 708 3162 fait
728 3097 800 3150 emim
819 3103 844 3150 et
861 3099 917 3165 ipse
937 3104 1019 3165 poeto
1042 3098 1102 3151 Vir·-

92 3170 158 3240 9ilio
172 3168 385 3222 armatissimis.
405 3169 467 3236 qmi'
479 3167 627 3234 (Eusebiae
635 3167 716 3220 dicit:
730 3166 840 3235 Hagen)
851 3168 996 3221 ‘Aemilims
1005 3167 1103 3222 Macer

98 3239 259 3294 Veromcmsis
272 3239 305 3291 im
318 3237 388 3291 Asia
402 3239 532 3292 moritmr’
550 3237 635 3291 schol.
650 3237 730 3291 Bem.
747 3237 784 3290 ad
798 3236 848 3292 eol.
859 3237 885 3289 V
899 3254 957 3305 arg.
991 3241 1102 3307 sumpta

93 3318 187 3364 autem
207 3310 274 3361 sunt
291 3309 362 3361 haee
380 3309 504 3360 extrema
516 3309 663 3362 ‘Aemilios
678 3349 719 3362 ...
734 3309 864 3362 moritmr’
878 3324 911 3360 ex
925 3308 1101 3376 Hieronymo

92 3379 194 3450 quodsi
209 3395 346 3432 annorum
360 3377 461 3431 saltem
477 3378 615 3432 rationem
631 3377 799 3432 habuissent
815 3377 1002 3446 allegoristae,
1021 3395 1103 3432 versu

91 3452 173 3505 huius
194 3449 255 3504 eolo
277 3466 310 3502 ae
330 3452 437 3516 quarto,
457 3449 506 3502 ubi
524 3448 659 3502 maiorem
676 3465 704 3502 se
723 3448 872 3502 Menalcan
891 3448 961 3502 dicit
978 3449 1101 3518 Mopsus,

91 3521 217 3594 Vergilio
269 3535 363 3573 aarum
381 3519 517 3572 minorem
535 3522 605 3572 natu
624 3519 710 3573 fuisse
730 3519 892 3574 efficeretur.
