2612 3964
425 262 573 318 VERGILI
591 262 724 316 AENEIS
743 250 772 315 ll
1033 261 1095 323 137

88 428 282 508 auratasque
304 424 427 510 trabes,
449 428 593 488 veterum
616 424 729 488 decora
750 425 807 488 illa
829 427 1011 508 parentum,

88 521 272 606 devolvont3
297 521 353 586 alii
376 521 498 585 strictis
521 521 728 585 mucronibus
751 521 832 584 imas

89 618 239 683 obsedere
261 619 362 704 fores,
384 618 443 683 has
468 621 596 682 servant
619 617 745 701 agmine
769 618 875 682 denso.
1043 633 1097 680 450

87 716 259 779 instaurati
282 715 382 780 animi
404 716 489 800 regis
513 736 695 780 succurrere
717 715 811 778 tectis

88 812 271 895 auxilioque
292 811 399 876 levare
421 811 508 875 viros
530 811 659 893 vimque
683 810 795 875 addere
818 812 921 876 victis.

127 907 243 972 Limen
266 911 335 972 erat
359 929 530 990 caecaeque
552 907 637 970 fores
661 913 693 972 et
715 908 844 992 pervius
867 929 945 972 usus

87 1009 245 1069 tectorum
267 1005 354 1069 inter
377 1025 411 1068 sc
433 1002 568 1090 Priami,
588 1007 762 1088 postesque
784 1005 888 1069 relicti

88 1125 104 1164 a
124 1105 234 1189 tergo,
256 1101 370 1166 infelix
393 1123 457 1184 qua
480 1122 527 1186 se,
549 1100 624 1164 dum
646 1121 746 1186 regna
767 1102 954 1187 manebant,
1043 1117 1095 1164 455

87 1199 212 1282 saepius
236 1198 460 1263 Andromache
482 1197 565 1262 ferre
587 1198 775 1263 incomitata
798 1199 923 1263 solebat

87 1296 123 1358 ad
145 1318 276 1361 soceros
300 1299 333 1359 ct
357 1316 416 1358 avo
439 1315 573 1377 puerum
595 1295 794 1378 Astyanacta
816 1295 973 1360 trahebat.

87 1392 181 1455 evado
207 1392 247 1456 ad
271 1391 388 1456 summi
411 1391 543 1475 fastigia
565 1391 727 1478 culminis,
749 1392 832 1456 unde

86 1488 146 1551 tela
168 1510 269 1552 manu
291 1487 402 1552 miseri
423 1487 587 1552 iactabant
608 1488 706 1552 inrita
728 1488 850 1553 Teucri.

86 1586 200 1648 turrim
218 1586 254 1648 in
272 1584 441 1668 praecipiti
461 1587 604 1648 stantem·
619 1586 814 1670 summisque
834 1585 894 1650 sub
913 1589 1001 1650 astra
1042 1603 1095 1650 loo

82 1680 231 1744 eductam
252 1682 362 1766 tectis,
384 1681 468 1744 unde
492 1682 595 1745 omnis
618 1682 715 1746 Troia
737 1683 838 1747 videri

87 1781 115 1839 et
135 1775 288 1842 Danaum
312 1777 426 1842 solitae
448 1798 546 1842 naves
570 1783 602 1842 et
623 1777 764 1843 Achaica
786 1782 903 1865 castra,

87 1875 227 1960 adgressi
250 1875 336 1940 ferro
360 1875 492 1960 circum,
515 1896 579 1958 qua
602 1897 725 1938 summa
746 1874 887 1940 labantis

85 1973 248 2037 iuncturas
271 1972 419 2037 tabulata
442 1971 576 2056 dabant,
598 1972 805 2036 convellimus
828 1972 903 2036 altis

86 2070 213 2134 sedibus
236 2069 500 2153 impulimusque:
524 2069 631 2151 elapsa
653 2073 783 2152 repente
805 2070 932 2134 ruinam
1041 2087 1093 2136 465

86 2188 153 2230 cum
178 2167 290 2231 sonitu
312 2166 414 2230 trahit
437 2169 469 2230 et
492 2163 640 2229 Danaum
663 2187 758 2250 super
782 2167 909 2251 agmina
931 2167 996 2231 late

85 2263 203 2328 incidit.
251 2268 302 2327 ast
325 2264 380 2327 alii
404 2263 557 2348 subeunt,
579 2283 637 2327 nec
661 2285 737 2326 saxa
759 2285 817 2328 nec
839 2264 941 2328 ullum

85 2361 221 2425 telorum
245 2361 368 2424 interea
390 2363 494 2424 cessat
517 2380 626 2444 genus.

125 2456 336 2522 Vestibulum
358 2460 432 2520 ante
454 2457 562 2540 ipsum
583 2457 751 2541 primoque
769 2458 804 2521 in
821 2459 932 2522 limine
950 2457 1093 2542 Pyrrhus

87 2555 222 2640 exultat,
244 2553 319 2618 telis
343 2558 375 2616 εὴ
398 2554 468 2617 luce
491 2574 642 2618 coruscus
666 2560 757 2641 a'e'na3
1041 2573 1093 2620 470

87 2652 187 2734 qualis
212 2651 269 2715 ubi
292 2651 327 2714 in
348 2651 452 2714 lucem
475 2650 605 2714 coluber
626 2652 711 2714 mala
734 2653 879 2737 gramina
901 2655 1028 2738 pastus,

86 2747 201 2830 frigida
225 2747 285 2811 sub
309 2751 395 2810 terra
418 2745 579 2810 tumidum
602 2769 698 2831 quem
719 2750 833 2813 bruma
855 2749 998 2834 tegebat,

21 2861 22 2864 ’
86 2865 167 2908 nunc
189 2845 307 2928 positis
329 2865 432 2908 novos
455 2843 578 2908 exuviis
601 2845 787 2930 nitidusque
809 2845 939 2909 iuventa

86 2941 208 3006 lubrica
231 2941 394 3006 convolvit
417 2941 546 3006 sublato
569 2943 698 3024 pectore
720 2945 825 3027 terga,

72 3033 200 3104 'arduos
224 3039 264 3102 ad
287 3038 401 3125 solem,
424 3043 456 3103 et
478 3037 599 3122 linguis
622 3037 719 3102 micat
743 3060 797 3102 ore
819 3038 968 3102 trisulcis.
1042 3055 1093 3102 475

87 3158 147 3199 una
169 3137 285 3221 ingens
308 3134 462 3219 Periphas
486 3139 518 3199 ct
542 3155 698 3218 equorum
721 3136 862 3220 agitator
883 3133 1034 3222 Achillis,

88 3234 222 3318 armiger
245 3231 467 3318 Automedon,
490 3255 554 3296 una
578 3232 682 3296 omnis
706 3229 817 3316 Scyria
839 3233 940 3316 pubes

88 3330 257 3396 succedunt
280 3333 366 3394 tecto
391 3333 422 3394 et
445 3329 589 3394 flammas
613 3330 652 3394 ad
675 3330 813 3393 culmina
835 3331 964 3394 iactant.

87 3426 153 3509 ipse
174 3427 260 3492 inter
282 3427 404 3511 primos
428 3431 575 3510 correpta
598 3427 677 3491 dura
699 3428 831 3510 bipenni

87 3523 195 3588 limina
217 3523 398 3609 perrumpit
420 3525 587 3607 postisque
611 3547 629 3587 a
653 3525 779 3588 cardine
801 3525 891 3589 vellit
1042 3541 1093 3590 480
