2556 3966
524 229 651 285 CULEX.

88 391 134 454 illi
157 390 237 455 falce
262 391 339 454 deus
363 391 490 476 colitur,
512 413 578 454 non
601 396 669 455 arte
692 393 828 476 politus3

86 489 140 552 ille
163 488 241 552 colit
264 489 363 572 lucos,
386 488 435 552 illi
458 487 619 552 Panchaia
641 493 715 553 tura

87 584 220 649 floribus
245 588 389 669 agrestes
411 585 530 650 herbae
553 586 753 650 variantibus
777 588 904 674 adsunt,

85 683 132 744 illi
156 682 259 745 dulcis
283 682 373 746 adest
395 683 522 766 requies
547 686 579 745 et
601 705 681 765 pura
704 685 863 770 uoluptas²

84 781 195 864 libera,
219 779 421 862 simplicibus
445 779 544 842 curis:
567 779 630 846 buc
653 780 807 864 imminet,
830 782 933 845 omnis
1064 799 1098 848 90

84 878 201 961 derigit
224 876 289 940 huc
313 898 435 960 sensus,
457 876 535 940 haec
558 897 633 940 eura
656 881 706 939 est
729 877 859 942 subdita
881 879 978 962 cordi,

84 974 229 1058 quolibet
254 977 290 1036 ut
314 973 424 1056 requie
446 975 533 1037 victu
552 977 721 1037 contentus
746 975 885 1039 abundet

83 1071 286 1153 iucundoque
309 1070 394 1132 levet
417 1070 603 1153 languentia
626 1091 760 1153 corpora
784 1093 905 1138 somno.

83 1191 101 1232 o
125 1168 273 1252 pecudes,
296 1189 315 1230 ο
339 1189 436 1251 panes
461 1171 492 1230 et
516 1189 534 1230 o
559 1166 741 1250 gratissima
764 1173 869 1253 tempe

82 1266 183 1328 fontis
205 1263 467 1348 hamadryadum‚
490 1285 625 1346 quarum
647 1286 714 1328 non
736 1265 835 1330 divite
858 1267 947 1330 cultu
1062 1285 1096 1331 95

82 1362 227 1427 aemulus
250 1360 389 1424 Ascraeo
413 1364 524 1442 pastor
547 1361 609 1422 sibi
633 1363 768 1444 quisque
790 1369 904 1446 poetae

81 1483 226 1525 securam
250 1458 378 1541 placido
402 1458 541 1521 traducit
564 1463 692 1540 pectore
714 1459 827 1524 vitam!

127 1557 171 1619 Et
196 1555 260 1617 iam
283 1554 496 1636 compellente
519 1575 618 1638 vagae
641 1559 769 1636 pastore
792 1558 930 1639 capellae
1047 1575 1095 1623 104

81 1657 145 1719 ima
169 1652 368 1716 susurrantis
391 1651 579 1735 repetebant
603 1651 643 1714 ad
665 1652 745 1716 vada
767 1653 928 1738 lymphae,

82 1774 163 1836 quae
188 1749 299 1813 subter
322 1749 458 1813 viridem
479 1747 663 1812 residebant
685 1751 811 1813 caerula
834 1773 994 1834 muscum3

80 1851 145 1912 iam
168 1846 289 1911 medias
314 1867 446 1928 operum
469 1849 576 1927 partes
599 1850 727 1909 evectus
751 1851 818 1910 erat
842 1848 900 1933 sol,

80 1970 153 2011 cum
178 1945 291 2008 densas
315 1947 426 2026 pastor
449 1943 585 2026 pecudes
609 1943 744 2026 cogebat
767 1944 802 2007 in
822 1944 960 2009 umbras

80 2049 113 2107 at
135 2041 251 2127 procul
274 2040 400 2123 aspexit
423 2040 495 2102 luco
518 2039 654 2102 residere
677 2040 804 2124 virenti,

79 2141 175 2204 Delia
198 2139 280 2220 diva,
304 2140 371 2221 tuo,
396 2159 458 2219 quo
483 2137 642 2219 quondam
665 2137 750 2200 victa
773 2139 881 2202 furore
1045 2158 1094 2206 110

79 2238 169 2302 venit
192 2233 380 2317 Nyctelium
403 2234 530 2316 fugiens
554 2232 699 2297 Cadmeis
721 2233 843 2320 Agaue,

79 2333 229 2398 infandas
253 2332 406 2395 scelerata
429 2353 541 2394 manus
565 2353 599 2394 ec
622 2329 714 2394 caede
737 2337 880 2396 cruenta:

79 2454 163 2515 quae
187 2429 302 2513 gelidis
326 2426 480 2491 bacchata
502 2429 588 2512 iugis
610 2428 769 2510 requievit
792 2430 826 2492 in
849 2435 952 2514 antm,

79 2527 243 2611 posterius
266 2546 402 2609 poenam
424 2525 493 2588 nati
516 2524 553 2587 de
576 2529 679 2587 morte
702 2525 823 2590 datura.

78 2626 131 2688 hic
157 2624 255 2687 etiam
280 2620 374 2684 viridi
397 2621 542 2684 ludentes
565 2642 663 2702 panes
686 2622 720 2684 in
742 2621 857 2686 herba·
1044 2644 1093 2690 115

79 2727 110 2786 et
135 2719 239 2803 satyri
262 2717 459 2800 dryadesque
482 2717 596 2781 choros
620 2739 712 2802 egere
735 2719 859 2802 puellae

78 2818 232 2882 naiadum
255 2819 356 2878 coetu.
403 2819 530 2877 tantum
552 2836 618 2877 non
642 2814 788 2898 Orpheus
810 2815 954 2881 Hebrum

79 2919 255 2980 restantem
278 2911 384 2974 tenuit
406 2911 485 2994 ripis
509 2912 669 2994 silvasque
693 2913 841 2996 canendo,

79 3017 238 3097 quantum
262 3013 305 3094 te,
328 3009 450 3092 pernix,
473 3014 683 3094 remorantur,
706 3010 788 3094 diva,
810 3010 924 3075 chorea

78 3110 183 3174 multa
206 3112 263 3170 tuo
287 3107 390 3169 laetae
409 3105 578 3169 fundentes
601 3107 717 3190 gaudia
740 3108 840 3192 voltu,
1045 3130 1092 3176 120

79 3209 149 3292 ipsa
172 3205 235 3268 loci
258 3207 375 3267 natura
398 3203 528 3266 domum
550 3208 718 3266 resonante
741 3227 872 3269 susurro

79 3306 152 3388 quis
177 3302 274 3366 dabat
297 3305 329 3364 et
354 3301 438 3364 dulci
457 3301 555 3364 fessas
578 3302 742 3364 refovebat
765 3302 800 3364 in
822 3304 943 3367 umbra.

78 3424 153 3466 nam
177 3401 316 3484 primum
339 3419 441 3482 prona
465 3397 639 3480 surgebant
662 3399 745 3461 valle
767 3403 913 3481 patentes

79 3499 183 3563 adriae
205 3497 365 3581 platanus,
387 3495 472 3558 inter
496 3516 574 3577 quas
599 3495 698 3577 impia
721 3495 816 3579 lotoe,
