2514 3966
406 221 554 278 VERGILI
571 222 704 278 AENEIS
722 221 761 276 IX
1018 222 1083 288 315

84 389 116 450 et
137 385 223 450 laevo
245 385 349 450 adfixa
372 388 422 450 est
445 385 539 449 lateri
561 405 675 450 manus
698 385 870 468 abditaque
892 385 981 450 intus

81 483 271 568 spiramenta
293 482 419 546 animae
440 482 531 546 letali
553 481 682 546 volnere
705 482 802 566 rupit.
1032 497 1084 548 580

80 579 186 646 stabat
207 581 241 644 in
263 579 401 664 egregiis
424 577 574 643 Arcentis
596 578 683 642 filius
708 579 815 664 armis,

78 677 181 760 pietus
203 697 260 740 aou
283 675 480 758 chlamydem
504 679 537 740 et
558 676 721 760 ferrugine
743 676 847 740 clarus
870 673 1002 760 Hibera,

78 773 211 858 insignis
233 773 324 856 faeie,
347 771 475 857 genitor
497 793 592 855 quem
614 773 746 836 miserat
768 771 899 857 Arcens,

78 871 223 934 eductum
245 869 362 932 Martis
385 869 458 932 luoo
482 867 668 952 Symaethia
690 869 810 934 oiroum

78 967 215 1052 flumina,
237 966 370 1052 pinguis
393 966 450 1030 ubi
474 969 506 1030 et
528 966 695 1050 placabilis
720 988 775 1031 ara
796 965 910 1032 Palici:
1032 983 1083 1032 585

79 1065 264 1129 stridentem
286 1063 419 1128 fundam
441 1062 556 1146 positis
579 1061 757 1128 Mezentius
780 1063 883 1128 hastis

78 1161 143 1244 ipse
165 1163 215 1225 ter
239 1159 375 1224 adducta
398 1159 518 1224 oireum
541 1163 637 1242 eaput
659 1159 727 1244 egit
747 1160 872 1224 habena

80 1262 108 1320 et
129 1257 233 1321 media
257 1256 382 1321 adversi
404 1255 577 1340 liquefacto
600 1259 746 1340 tempora
768 1257 901 1341 plumbo

79 1354 191 1418 diffidit
215 1374 252 1417 ao
273 1352 377 1416 multa
398 1356 582 1436 porrectum
605 1353 748 1418 extendit
770 1354 897 1420 harena.

120 1451 201 1516 Tum
222 1450 364 1534 primum
386 1449 471 1514 bello
495 1450 629 1514 celerem
651 1451 827 1516 intendisse
850 1454 1004 1537 sagittam
1032 1469 1083 1519 seo

81 1549 191 1612 dieitur
213 1551 290 1612 ante
311 1547 396 1612 feras
420 1546 536 1611 solitus
559 1551 679 1612 terrere
701 1549 830 1634 fugaces
963 1615 965 1620 ,

82 1645 232 1709 Ascanius
255 1643 436 1726 fortemque
458 1665 556 1708 manu
578 1644 700 1710 fudisse
721 1644 917 1732 Numanum,

81 1743 128 1808 oui
148 1740 283 1806 Remulo
308 1760 485 1824 cognomen
507 1745 585 1826 erat,
608 1741 771 1826 Turnique
793 1743 949 1808 minorem

81 1861 258 1925 germanam
280 1859 384 1920 nuper
406 1837 549 1902 thalamo
573 1839 713 1903 sociatus
736 1837 883 1904 habebat.

81 1937 106 2000 is
127 1935 261 2020 primam
286 1937 360 1996 ante
383 1933 483 1998 aoiem
505 1934 602 2020 digna
624 1939 720 2019 atquo
742 1937 875 2022 indigna
896 1938 1001 2002 relatu
1031 1955 1082 2004 595

81 2032 252 2097 vociferans
275 2031 482 2114 tumidusque
504 2052 588 2096 novo
611 2033 795 2116 praecordia
817 2055 917 2118 regno

80 2131 145 2194 ibat
166 2133 199 2194 et
221 2129 386 2213 ingentem
409 2149 478 2192 sese
500 2129 637 2193 elamore
659 2129 795 2195 ferebat:

82 2227 154 2292 ‘non
175 2226 274 2311 pudet
298 2225 464 2289 obsidione
486 2225 603 2290 iterum
625 2227 774 2313 valloque
796 2227 907 2315 teneri,

81 2325 127 2389 bis
150 2324 235 2408 capti
257 2321 412 2407 Phryges,
435 2326 468 2386 et
489 2323 588 2387 morti
609 2326 814 2407 praetendere
837 2327 968 2391 muros?

81 2444 118 2486 en
139 2422 194 2504 qui
215 2423 329 2485 nostra
353 2419 416 2483 sibi
438 2419 523 2484 bello
547 2422 685 2486 oonubia
706 2426 857 2507 poseant!
1032 2441 1084 2491 eoo

82 2520 149 2604 quis
172 2518 249 2582 deus
272 2517 411 2612 Italiam,
434 2537 515 2600 quae
537 2539 595 2582 vos
617 2519 777 2584 dementia
799 2520 928 2604 adegit?

82 2639 142 2680 non
162 2615 216 2680 hio
237 2613 562 2700 AtridaeQ-ndi
585 2615 679 2689 fiotor
700 2615 827 2681 Ulixes:
1026 2699 1028 2704 ,

83 2715 190 2778 durum
213 2734 232 2776 a
255 2711 356 2794 stirpe
380 2730 480 2795 genus
502 2715 598 2775 natos
622 2711 661 2775 ad
683 2712 816 2776 flumina
838 2685 999 2797 primuml

84 2811 247 2875 deferimus
271 2829 429 2891 saevoque
453 2808 527 2892 gelu
550 2809 700 2874 duramus
724 2816 757 2874 55
779 2811 884 2896 undis,

84 2909 193 2972 venatu
215 2904 388 2988 invigilant
410 2904 502 2988 pueri
526 2904 686 2990 silvasque
708 2907 857 2992 fatigant,
1033 2926 1084 2974 505

84 3005 201 3069 flectere
222 3002 318 3066 ludus
342 3023 441 3085 equos
464 3005 497 3064 55
520 3001 642 3084 spicula
664 3003 793 3066 tendere
818 3025 924 3068 cornu.

86 3099 258 3186 atpatiens
283 3119 416 3181 operum
438 3119 602 3181 parvoque
625 3099 757 3162 adsueta
775 3099 925 3164 iuventus

87 3201 135 3262 ant
154 3196 267 3262 rastris
290 3199 410 3258 terram
433 3194 543 3258 domat
567 3200 623 3258 aut
647 3195 753 3279 quatit
777 3195 894 3278 oppida
916 3196 1010 3261 bello,

88 3317 169 3359 omne
191 3314 303 3358 aevom
325 3294 411 3356 ferro
436 3292 561 3377 teritur,
582 3311 737 3375 versaque
755 3291 926 3356 iuvencum

88 3396 167 3476 terga
187 3390 363 3474 fatigamus
386 3388 494 3474 hasta3
517 3410 575 3452 neo
597 3389 690 3453 tarda
713 3392 858 3452 senectus
1034 3407 1085 3457 610

90 3488 223 3554 debilitat
246 3486 330 3552 vires
353 3486 452 3552 animi
475 3490 643 3571 mutatque
666 3486 822 3572 vigorem:
