2574 3964
350 279 497 336 VERGILI
515 279 724 336 cuouclcon
741 281 794 336 IIII
1038 280 1081 344 85

70 441 251 505 narcissum
274 445 330 505 aut
353 441 428 505 flexi
451 442 623 506 tacuissem
645 443 752 507 vimen
775 443 901 507 acanthi

70 539 287 622 pallentisque
310 539 442 602 hederas
466 542 499 602 ct
522 539 659 602 amantis
681 539 779 603 litora
802 544 933 623 myrtos.

70 659 211 720 namque
234 638 294 700 sub
319 635 468 700 Oebaliae
491 636 621 700 memini
643 658 694 700 me
717 637 862 701 turribus
886 638 982 722 arcis,
1034 653 1082 701 125

72 756 136 816 qua
159 734 252 817 niger
275 737 416 798 umectat
438 733 590 798 flaventia
613 733 700 797 culta
723 730 890 818 Galaesus,

72 829 247 912 Corycium
269 831 387 894 vidisse
411 852 531 914 senem,
555 831 606 894 cui
628 852 730 914 pauca
752 830 857 894 relicti

71 929 185 1012 iugera
208 927 293 990 ruris
317 932 424 1012 erant,
446 950 505 992 nec
528 927 644 990 fertilis
668 927 725 990 illa
747 927 888 990 iuvencis

71 1045 129 1088 nec
153 1021 263 1088 Cereri
286 1028 467 1106 opportuna
490 1045 581 1108 seges
603 1045 662 1087 nec
685 1023 851 1088 commoda
873 1021 1006 1086 Baccho.
1112 1061 1116 1077 ·

70 1121 124 1184 hic
146 1143 258 1184 rarum
280 1124 388 1184 tamen
409 1121 445 1184 in
468 1121 571 1184 dumis
595 1120 690 1184 holus
715 1120 851 1204 albaque
875 1120 993 1184 circum
1034 1133 1083 1182 130

70 1217 141 1280 lilia
164 1215 383 1299 verbenasque
405 1238 552 1299 premens
576 1238 767 1300 vescumque
790 1238 929 1301 papaver

71 1335 186 1398 regum
210 1313 369 1398 aequabat
392 1336 468 1397 opes
492 1314 616 1398 animis,
638 1336 772 1398 seraque
795 1317 957 1378 revertens

70 1413 167 1474 nocte
190 1408 321 1474 domum
343 1410 479 1493 dapibus
501 1432 627 1474 mensas
651 1411 806 1478 onerabat
828 1412 987 1495 inemptis.
1097 1402 1126 1493 l

71 1508 197 1589 primus
220 1528 294 1571 vere
315 1528 423 1570 rosam
442 1511 538 1591 atque
562 1513 716 1574 autumno
740 1531 868 1592 carpere
890 1530 998 1592 poma,
1098 1502 1100 1513 '

72 1609 105 1668 01
128 1625 203 1668 0001
224 1603 329 1666 tristis
351 1603 454 1668 hiems
477 1605 652 1668 etiamnum
673 1605 793 1689 frigore
817 1626 894 1667 saxa
1033 1619 1081 1668 110
1102 1614 1104 1625 ’

71 1703 237 1784 rumperet
260 1705 292 1764 01
314 1701 415 1786 glacie
438 1722 550 1766 cursus
572 1702 713 1765 frenaret
737 1723 904 1785 aquarum,

71 1799 127 1862 ille
152 1819 276 1861 comam
297 1797 405 1862 1001110
428 1799 493 1862 iam
515 1798 670 1863 tondebat
692 1797 860 1882 hyacinthi

72 1898 230 1958 aestatem
252 1893 446 1976 increpitans
470 1915 572 1958 seram
595 1896 813 1980 zephyrosque
836 1894 1001 1958 morantis.
1077 1933 1080 1940 ·

71 2013 151 2076 ergo
174 1991 290 2074 apibus
313 1991 388 2054 fetis
411 1991 496 2054 idem
519 1995 618 2076 atque·
637 1992 781 2056 0110111100
804 1991 911 2066 1011110Ι
1106 2038 1111 2069 ,

71 2091 197 2172 primus
221 2087 383 2152 abundare
406 2092 438 2152 et
462 2089 643 2172 spumantia
666 2110 778 2174 cogere
801 2089 921 2171 pressis
1033 2106 1081 2153 140

72 2187 168 2250 mella
191 2185 285 2248 favis:
308 2184 470 2252 illitiliae
493 2189 589 2269 atque
611 2186 773 2250 uberrima
795 2185 897 2270 tinus,

73 2287 218 2366 quotque
240 2282 275 2345 in
297 2281 376 2345 flore
399 2304 482 2346 novo
506 2283 611 2366 pomis
636 2305 669 2346 00
691 2283 807 2346 fertilis
831 2282 926 2346 arbos

72 2380 235 2464 induerat,
257 2378 393 2443 totidem
416 2383 570 2444 autumno
593 2385 720 2444 matura
743 2380 881 2444 tenebat.

72 2479 127 2541 1110
150 2476 249 2540 etiam
272 2497 359 2539 seras
382 2476 417 2539 in
439 2498 566 2540 versum
589 2477 716 2540 distulit
739 2477 843 2541 ulmos

73 2576 268 2656 eduramque
290 2573 397 2656 pirum
420 2577 453 2636 01
476 2573 585 2657 spinos
609 2575 674 2638 iam
691 2596 800 2658 pruna
822 2575 955 2639 ferentis
1032 2591 1080 2640 140

73 2671 200 2754 iamque
223 2669 461 2734 ministrantem
483 2671 650 2753 platanum
672 2672 861 2755 potantibus
885 2672 1023 2736 umbras.

73 2789 183 2830 verum
205 2765 285 2830 haec
307 2767 376 2850 ipse
399 2768 545 2850 equidem
568 2769 681 2852 spatiis
706 2769 852 2832 exclusus
875 2767 996 2851 iniquis

74 2866 238 2945 praetereo
263 2865 359 2946 atque
382 2863 454 2927 aliis
477 2869 552 2947 post
574 2888 625 2929 me
647 2865 851 2928 memoranda
873 2865 1028 2948 relinquo.

114 2957 212 3023 Nunc
236 2979 307 3044 age,
329 2963 462 3024 naturas
486 2961 599 3044 apibus
624 2984 703 3045 quas
726 2961 872 3045 luppiter
894 2961 963 3044 ipse

74 3056 204 3140 addidit,
226 3056 405 3142 expediam,
427 3080 486 3140 pro
510 3080 573 3141 qua
595 3059 736 3124 mercede
760 3080 893 3123 canoros
1034 3067 1082 3125 150

74 3152 227 3217 Curetum
251 3153 377 3218 sonitus
401 3152 654 3239 crepitantiaque
678 3177 750 3219 aera
770 3159 897 3220 secutae

73 3249 206 3314 Dictaeo
230 3250 310 3313 caeli
332 3269 441 3334 regem
462 3272 577 3332 pavere
601 3252 660 3315 sub
685 3256 787 3317 antro.

75 3349 158 3413 solae
181 3346 360 3411 communis
382 3350 492 3431 natos,
515 3350 676 3412 consortia
699 3354 785 3414 tecta

74 3445 160 3509 urbis
183 3443 316 3529 habent,
337 3445 528 3528 magnisque
551 3445 677 3530 agitant
701 3447 761 3511 sub
783 3446 911 3531 legibus
936 3468 1059 3532 aevom,

74 3546 104 3604 01
125 3541 265 3626 patriam
289 3541 376 3605 solae
400 3545 432 3606 et
456 3545 560 3606 certos
583 3564 701 3607 001010
723 3545 862 3628 penatis3
1034 3560 1082 3607 155
