2552 3958
355 252 503 308 VERGILI
522 254 734 312 GEORGIGON
752 258 764 312 Ι
1022 265 1066 328 43

56 417 223 478 vertuntur
247 415 369 497 species
393 416 588 502 animorum,
610 423 643 482 et
664 425 794 503 pectora
816 427 924 488 motus
1012 441 1065 490 420

55 512 258 596 nune-alios,
282 512 378 596 alios,
401 513 478 576 dum
500 513 613 578 nubila
634 521 750 581 ventus
773 519 903 604 agebat,

55 608 252 692 concipiunt:
275 607 352 672 hino
373 609 429 672 ille
453 609 561 673 avium
583 617 754 677 concentus
777 615 812 678 in
835 616 921 700 agris

54 709 86 768 et
105 705 209 768 laetae
231 705 369 788 pecudes
393 709 426 769 et
450 711 583 771 ovantes
606 713 737 793 gutture
760 713 854 776 corvi.
1094 780 1096 791 ,

97 799 130 865 Si
152 823 230 866 vero
256 802 358 866 solem
381 802 421 866 ad
444 803 593 886 rapidum
615 806 772 891 lunasque
795 814 964 894 sequentes
1094 818 1098 836 '

54 899 160 963 ordine
184 898 353 984 respicies,
374 920 552 983 numquam
574 905 606 965 te
629 904 769 968 crastina
791 905 881 970 fallet
1010 924 1062 972 400

53 996 143 1080 hora,
164 1016 271 1079 neque
294 995 422 1060 insidiis
445 997 551 1061 noctis
574 1000 696 1082 capiere
720 1024 855 1068 serenae.

54 1094 139 1176 luna,
161 1095 360 1156 revertentes
385 1114 483 1176 quom
506 1095 646 1177 primum
669 1097 794 1183 colligit
816 1100 915 1184 ignis,

53 1190 81 1253 11
101 1189 232 1273 nigrum
256 1187 394 1252 obscuro
418 1192 650 1272 comprenderit
674 1200 746 1258 adra
768 1218 881 1281 cornu,

52 1308 218 1350 maxumus
243 1286 394 1370 agricolis
417 1287 595 1371 pelagoque
618 1289 785 1372 parabitur
807 1293 922 1358 imber:

51 1389 85 1446 at
107 1383 135 1447 si
157 1382 342 1466 virgineum
366 1383 533 1448 suffuderit
557 1407 611 1450 ore
633 1386 797 1472 ruborem,
1004 1405 1057 1455 430

51 1484 164 1544 ventus
189 1481 265 1564 erit3
289 1485 386 1544 vento
410 1502 534 1564 semper
556 1483 652 1546 rubet
675 1505 771 1548 aurea
793 1484 929 1550 Phoebe.

50 1580 101 1642 sin
123 1581 199 1642 ortu
222 1581 339 1661 quarto
364 1574 518 1662 (namque
539 1579 568 1642 is
592 1580 788 1646 certissimus
812 1579 937 1669 auctor)

50 1698 130 1759 pura
150 1695 256 1758 neque
281 1673 431 1737 obtunsis
453 1696 510 1758 per
533 1676 655 1740 caelum
677 1679 828 1743 cornibus
850 1679 927 1765 ibit,

50 1777 138 1836 totus
161 1775 194 1834 et
217 1771 273 1834 ille
297 1771 365 1834 dies
388 1774 422 1834 et
440 1771 496 1854 qui
518 1779 690 1838 nascentur
713 1775 753 1839 ab
776 1777 832 1840 illo

48 1873 195 1933 exactum
219 1868 260 1932 ad
281 1889 424 1932 mensem
447 1869 556 1951 pluvia
579 1873 746 1956 ventisque
769 1873 936 1959 carebunt,
1005 1891 1057 1940 430

47 1971 186 2050 votaque
210 1964 331 2028 servati
354 1964 481 2028 solvent
503 1965 538 2028 in
560 1966 655 2031 litore
677 1973 794 2034 nautae

49 2063 168 2128 Glauco
192 2066 226 2126 01
248 2061 417 2145 Panopeae
440 2065 472 2126 et
495 2061 575 2127 Inoo
598 2063 787 2130 Melicertae.

47 2163 95 2224 sol
118 2181 249 2245 quoque
273 2163 306 2222 et
330 2159 476 2222 exoriens
499 2164 532 2224 et
555 2182 628 2225 cum
650 2183 684 2224 se
706 2162 820 2226 condet
845 2162 880 2226 in
902 2163 1013 2249 undas,

48 2259 138 2342 signa
161 2257 270 2340 dabit;
294 2255 395 2320 solem
417 2256 595 2320 certissima
619 2259 711 2342 signa
735 2264 899 2343 secuntur,

47 2359 182 2437 atquae
206 2375 302 2416 mane
324 2351 422 2416 refert
445 2356 478 2416 01
500 2375 581 2436 quae
605 2356 812 2440 surgentibus
836 2357 940 2422 astris.
1004 2375 1056 2425 140

46 2452 98 2514 ille
121 2450 181 2515 ubi
203 2453 391 2514 nascentem
413 2451 547 2514 maculis
570 2453 741 2516 variaverit
765 2458 871 2517 ortum

46 2548 193 2612 conditus
217 2547 255 2610 in
276 2546 396 2610 nubem
417 2547 585 2631 medioque
607 2549 762 2633 refugerit
785 2551 875 2636 orbe,

46 2646 186 2728 suspecti
209 2643 274 2707 tibi
298 2643 364 2706 sint
386 2642 519 2727 imbres3
542 2667 679 2730 namque
701 2651 795 2731 urget
819 2649 859 2712 ab
882 2649 949 2714 alto

46 2742 282 2825 arboribusque
305 2740 448 2824 satisque
470 2746 568 2805 nctus
590 2744 760 2827 pecorique
784 2744 921 2810 sinister.

45 2844 98 2902 aut
121 2838 181 2902 ubi
206 2837 267 2902 sub
290 2837 395 2901 lucem
417 2838 514 2902 densa
537 2839 622 2904 inter
643 2841 755 2904 nubila
778 2863 846 2905 sese
1002 2862 1054 2912 440

45 2936 165 3000 divorsi
187 2938 341 3018 rumpent
363 2935 462 3020 radii,
484 2939 539 3000 aut
562 2937 619 3001 ubi
642 2937 762 3020 pallida
785 2943 896 3023 surget

45 3031 178 3097 Tithoni
201 3053 350 3096 croceum
373 3032 522 3115 linquens
544 3033 672 3098 Aurora
695 3034 812 3119 cubile,

44 3128 103 3193 heu
125 3131 212 3194 male
236 3133 307 3192 tum
330 3129 419 3192 mitis
443 3129 590 3194 defendet
612 3131 782 3214 pampinus
805 3155 898 3198 uvas:

45 3229 109 3290 tam
130 3229 238 3292 multa
261 3227 297 3290 in
319 3226 414 3290 tectis
437 3227 597 3309 crepitans
621 3227 697 3292 salit
719 3227 849 3293 horrida
871 3232 1001 3314 grando.

44 3320 102 3388 hoe
124 3326 239 3411 etiam,
262 3345 391 3388 emenso
414 3345 488 3388 cum
509 3324 574 3388 iam
596 3325 718 3389 decedit
742 3324 894 3412 Olympo,
1001 3346 1053 3396 450

43 3421 201 3499 profuerit
224 3421 410 3485 meminisse
432 3421 549 3504 magis;
572 3442 648 3485 nam
671 3444 763 3506 saepe
786 3424 929 3487 videmus

43 3514 143 3597 ipsius
167 3520 204 3582 in
226 3518 319 3583 voltu
342 3518 449 3582 varios
473 3539 578 3581 errare
601 3519 739 3582 colores:
