2514 3966
364 226 718 285 vnacimaauansrx
977 236 1043 302 319

43 387 108 452 talis
130 389 164 452 in
185 388 333 453 Euboico
356 387 508 454 Baiarum
530 390 625 457 litore
649 395 809 477 qnondam
990 415 1042 464 '110

44 507 127 549 saxea
148 486 214 570 pila
237 486 333 570 cadit,
354 487 482 572 magnis
506 508 603 570 quam
625 489 764 556 molibus
788 495 862 555 ante

43 585 248 646 constructam
270 586 373 666 ponto
396 583 531 667 iaciunt3
555 584 602 648 sic
624 585 681 649 illa
703 587 830 652 ruinam

42 700 133 760 prona
153 679 255 744 trahit
278 680 472 765 penitusque
496 681 586 744 vadis
609 681 705 746 inlisa
727 684 899 750 recumbit:

42 776 162 840 miscent
186 798 220 842 se
242 777 354 862 maria,
376 781 409 842 et
431 777 544 862 nigrae
567 779 762 844 attolluntur
784 780 933 864 harenae3

26 875 102 936 vtum
123 874 231 938 sonitu
253 872 415 958 Prochyta
437 874 637 966 allatremit
659 875 836 961 durumque
859 876 964 943 cubile
989 895 1039 946 717

41 967 166 1035 Inarime
187 969 277 1034 Iovis
300 969 445 1055 imperiis
468 970 609 1054 imposta
631 969 794 1055 Typhoeo.

77 1065 136 1132 Hic
155 1066 244 1131 Mars
268 1065 466 1151 armipotens
489 1067 632 1132 animum
653 1069 802 1152 viresque
824 1069 949 1134 Latinis

43 1161 149 1228 addidit
171 1171 203 1228 ct
227 1163 377 1228 stimulos
401 1164 483 1228 acris
507 1164 568 1228 sub
591 1168 721 1248 pectore
743 1167 841 1230 vertit

42 1259 224 1345 immisitque
247 1259 369 1345 Fugam
394 1259 527 1326 Teucris
551 1265 721 1346 atrumque
744 1261 912 1328 Timorem

42 1357 169 1442 undique
190 1357 395 1444 conveniunt,
417 1358 571 1442 quoniam
593 1358 668 1422 data
690 1359 783 1442 copia
804 1380 932 1444 pugnae
987 1377 1038 1426 ⁷20

42 1452 227 1539 bellatorque
250 1454 357 1518 animo
380 1453 458 1518 deus
480 1453 601 1519 incidit.

41 1547 189 1616 Pandarus
213 1555 251 1615 ut
273 1551 346 1616 fuso
369 1571 558 1636 germanum
580 1573 712 1637 corpore
735 1553 838 1619 cernit

42 1651 68 1710 ct
88 1670 147 1732 quo
170 1649 214 1713 sit
236 1648 368 1713 fortuna
389 1647 472 1732 loco,
494 1648 551 1731 qui
573 1670 666 1713 casus
689 1655 764 1735 agat
786 1672 848 1737 res,

42 1751 155 1825 portam
176 1745 209 1810 vi
231 1765 349 1830 magna
372 1765 525 1810 converso
548 1745 676 1811 cardine
699 1751 838 1834 torquet,

43 1841 165 1907 obnixus
187 1842 264 1907 latis
286 1842 415 1926 umeris,
436 1843 620 1928 multosque
643 1865 776 1908 snorum
985 1861 1036 1910 tat

42 1939 195 2004 moenibus
219 1940 365 2004 exclusos
388 1939 469 2003 duro
492 1939 528 2003 in
549 1941 722 2005 certamine
744 1939 876 2024 linquit:

43 2039 83 2099 ast
104 2037 181 2102 alios
205 2059 313 2102 secum
335 2037 471 2101 includit
492 2037 669 2122 recipitque
691 2038 825 2122 ruentis,

44 2131 164 2221 demens,
187 2134 243 2218 qui
265 2132 424 2198 Rutulum
446 2133 482 2197 in
503 2135 608 2200 medio
630 2156 698 2198 non
720 2135 846 2219 agmine
869 2155 977 2222 regem

43 2229 143 2296 viderit
164 2231 401 2315 inrumpentem
423 2231 574 2316 ultroque
595 2231 761 2296 incluserit
783 2230 867 2318 urbi,

43 2324 196 2392 immanem
219 2327 321 2392 veluti
343 2349 458 2412 pecora
480 2328 565 2391 inter
587 2328 704 2392 inertia
725 2328 845 2413 tigrim.
984 2345 1035 2396 730

43 2425 178 2489 continuo
200 2445 285 2488 nova
306 2424 363 2488 lux
387 2423 488 2488 oculis
511 2424 641 2510 effulsit,
664 2429 696 2489 et
719 2447 808 2490 arma

42 2516 220 2586 horrendum
243 2542 393 2605 sonuere3
415 2525 559 2586 tremunt
581 2522 616 2585 in
638 2522 756 2586 vertice
779 2521 895 2587 cristae

44 2618 228 2704 sanguineae,
251 2617 416 2701 clipeoque
438 2618 591 2682 micantia
612 2618 748 2683 fulmina
770 2613 912 2684 mittitzl

43 2713 225 2798 adgnoscunt
247 2714 360 2778 faciem
381 2714 520 2778 invisam
543 2718 640 2799 atque
661 2715 814 2779 immania
836 2715 980 2780 membra

43 2811 148 2876 turbati
171 2811 280 2876 subito
303 2809 477 2876 Aeneadae.
523 2815 594 2875 tum
615 2810 780 2876 Pandarus
803 2811 917 2896 ingens
982 2829 1033 2880 cco

43 2908 140 2974 enicat
162 2914 195 2974 et
216 2908 332 2973 mortis
355 2908 514 2972 fraternae
536 2909 678 2972 fervidus
700 2909 749 2972 ira

44 3002 151 3070 effatur:
175 3007 253 3071 ‘non
274 3004 353 3070 haee
376 3004 494 3069 dotalis
517 3005 606 3090 regia
628 3004 773 3089 Amatae,

43 3117 88 3165 nec
106 3103 203 3167 muris
227 3101 355 3166 cohibet
377 3101 491 3186 patriis
515 3102 620 3167 media
642 3101 749 3166 Ardea
770 3101 924 3168 Turnum.

43 3203 129 3265 castra
150 3200 279 3265 inimica
301 3199 403 3284 rides3
424 3200 514 3263 nulla
535 3199 611 3262 hinc
634 3197 720 3262 exire
741 3199 907 3282 potestas!

43 3293 87 3359 olli
107 3298 272 3362 subridens
296 3296 405 3361 sedato
427 3300 556 3381 pectore
579 3296 706 3361 Turnus
981 3315 1031 3366 740

44 3387 148 3480 incipe,
170 3395 264 3479 siqua
287 3394 393 3458 animo
417 3395 530 3480 mrtua,
553 3397 585 3457 et
610 3415 739 3459 consere
762 3394 919 3460 dextram:

42 3482 83 3553 hic
102 3492 193 3557 ctiam
215 3491 383 3556 inventum
406 3489 534 3555 Priamo
557 3490 703 3555 narrabis
727 3489 906 3556 Achillem!

188 3661 199 3710 i
238 3699 390 3754 ,mma
415 3719 444 3756 aa
470 3677 568 3752 l-'mc
614 3701 660 3752 fij:
729 3704 756 3729 .ae

171 3797 334 3888 flumem]
364 3811 610 3876 &aala'lssulfflffl
654 3851 658 3860 ·
763 3799 771 3830 t
