2580 3962
268 274 298 326 P.
317 273 465 328 VERGILI
483 273 647 327 MARONIS
667 273 861 328 NARRATIO.
1047 273 1071 326 V

75 433 208 515 praedita
227 456 328 518 prope
346 434 454 498 nullis.
486 455 544 497 nec
562 433 730 498 bucolicon
748 434 973 518 prolegomena
991 454 1072 516 quae

73 534 216 594 secuntur
248 531 359 594 eodem
388 531 517 594 nomine
546 531 687 594 illustria
717 531 862 614 quamvis
893 530 1071 594 manifestis

73 627 211 690 inscitiae
230 649 304 692 vere
327 625 482 690 barbarae
503 627 637 691 maculis
657 626 826 709 deturpata
847 626 930 690 nihil
951 626 1072 690 habent

74 723 150 805 quod
170 723 211 786 ad
225 722 350 806 Berytii
368 723 591 787 auctoritatem
605 723 817 806 probabiliter
830 723 934 806 possit
951 722 1070 786 referri.

130 819 231 884 Probi
250 841 289 884 ex
303 821 532 886 commentario
551 819 648 884 etiam
665 825 742 884 tuno
755 821 882 904 integro
897 819 1071 902 ceterisque

70 937 103 978 ex
124 917 285 1001 fontibus,
307 916 445 981 maxime
469 920 576 980 autom
597 917 632 980 ni
654 915 749 980 fallor
772 939 809 980 ex
832 916 965 980 Asconii
986 915 1070 978 libro

70 1009 272 1077 Suetonius
297 1015 333 1078 de
354 1015 432 1078 ciris
454 1013 625 1078 illustribus
649 1013 790 1077 scribens
814 1014 914 1077 vitam
934 1011 1070 1096 Vergilii

69 1110 279 1194 concinnavit,
304 1132 400 1194 quam
424 1109 549 1174 saeculo
574 1114 689 1194 quarto
712 1110 816 1174 medio
842 1109 975 1173 Aelius
998 1107 1070 1172 Do-

67 1210 174 1270 natus
194 1207 300 1270 obiter
319 1209 525 1270 retractatam
544 1229 562 1269 a
582 1202 647 1292 se¹)
666 1205 893 1270 commentario
911 1227 968 1269 suo
983 1225 1070 1288 prae-

67 1303 184 1387 posuit,
212 1324 276 1386 quo
305 1303 426 1367 factum
448 1308 499 1368 est
521 1307 558 1366 ut
580 1303 683 1366 bonae
705 1302 809 1386 frugis
832 1303 939 1386 plena,
963 1323 1070 1384 quam·

67 1421 159 1482 quam
176 1399 305 1463 fabellis
324 1401 444 1484 partim
462 1399 580 1483 ineptis
599 1399 729 1462 minime
742 1399 854 1485 libera,
873 1401 910 1463 de
924 1399 1069 1483 Vergilio

66 1496 215 1559 memoria
232 1497 328 1560 nobis
347 1517 474 1580 quoque
494 1500 618 1559 servata
638 1496 688 1559 sit.
722 1519 817 1580 quam
835 1497 966 1562 resectis
985 1497 1069 1560 addi-

66 1595 213 1658 tamentis
242 1615 324 1677 quae
353 1616 391 1657 ex
419 1590 521 1658 Servii
550 1594 776 1658 commentario
804 1595 907 1678 petita
935 1598 1010 1657 sunt
1038 1599 1070 1656 et

66 1683 157 1753 medii
185 1691 255 1753 aevi
287 1689 432 1774 ineptiis,
465 1711 546 1773 quae
573 1690 608 1753 in
636 1691 770 1753 noviciis
802 1691 1035 1774 exemplaribus
1043 1689 1068 1776 2)

65 1787 199 1870 genuino
231 1787 337 1850 textui
369 1808 498 1869 aspersa
527 1785 561 1850 P.
589 1785 704 1850 Daniel
736 1788 858 1870 primus
891 1789 975 1851 inter
1007 1789 1069 1851 edi-

65 1887 148 1948 tores
172 1888 350 1968 spreverat,
373 1883 412 1946 ad
436 1883 578 1946 codicum
602 1883 697 1946 fidem
719 1885 878 1948 recensuit
901 1883 1068 1968 Augustus

65 1979 341 2044 Reifferscheidius
359 1979 395 2043 in
412 1980 496 2044 libro
517 2001 580 2062 quo
596 1977 742 2044 Suetonii
758 1985 884 2063 praeter
899 1979 1069 2045 Caesarum

65 2077 161 2140 libros
184 2077 339 2160 reliquias
362 2076 493 2161 collegit
516 2097 545 2158 p.
566 2075 609 2140 54
622 2099 689 2160 sqq.
713 2081 851 2161 postque
874 2099 947 2141 eum
966 2078 1068 2142 denno

65 2173 101 2236 H.
122 2173 246 2259 Hagen,
270 2173 326 2256 qui
350 2172 480 2236 scholiis
498 2172 714 2238 Beruensibus
738 2176 856 2239 iterum
879 2197 897 2238 a
921 2196 954 2238 se
976 2174 1068 2238 editis

65 2271 227 2352 praemisit
264 2270 300 2333 in
336 2269 499 2334 annalium
535 2270 805 2355 philologicorum
840 2271 1069 2353 supplementis

65 2369 123 2431 vol.
141 2367 188 2432 IV
206 2390 236 2450 p.
257 2365 323 2431 734
337 2388 415 2450 sqq,
438 2367 509 2448 ipso
530 2364 676 2431 Suetonii
693 2369 777 2432 libro
797 2390 875 2432 usus
894 2368 1069 2450 discipulus

65 2461 182 2528 Donati
201 2461 232 2527 S.
246 2461 503 2546 Hieronymus
524 2463 749 2529 additamentis
769 2465 808 2528 ad
826 2464 960 2527 Husebii
981 2464 1069 2527 chro-

64 2561 156 2625 nicon
174 2582 277 2643 pauca
294 2559 368 2623 inde
387 2564 535 2643 excerpta
553 2560 697 2624 inseruit.
727 2560 848 2625 Donati
867 2565 973 2624 autem
988 2583 1069 2624 com-

66 2657 288 2722 mentariolum
302 2657 338 2720 in
351 2678 461 2720 versus
480 2656 603 2741 redegit
616 2654 779 2720 Prisciano
800 2656 962 2739 antiquior
976 2655 1070 2721 Pho-

66 2775 137 2838 cas,
160 2753 389 2838 grammaticus
408 2753 499 2817 urbis
518 2752 648 2838 Romae,
667 2755 721 2838 qui
740 2755 775 2817 in
793 2754 855 2818 fine
873 2754 1013 2818 truncati
1032 2755 1071 2818 ad

66 2871 120 2914 nos
135 2854 362 2934 pervenerunt:
377 2854 489 2914 extant
502 2851 537 2913 in
551 2851 661 2915 eodem
671 2851 755 2914 libro
768 2849 1070 2914 Reifferscheidiano
1184 2855 1185 2858 ’

66 2969 90 3028 p.
114 2947 156 3012 68
181 2968 249 3032 sqq.
279 2944 331 3032 (cf.
361 2946 502 3010 eiusdem
529 2952 664 3031 quaestt.
694 2945 794 3012 Suett.
822 2970 852 3029 p.
875 2947 940 3010 403
965 2969 1010 3030 sq.
1039 2951 1071 3010 et

67 3064 141 3126 quae
170 3044 213 3108 M.
237 3041 400 3126 Hauptius
430 3043 465 3106 in
495 3043 633 3107 Hermae
661 3044 721 3107 vol.
746 3042 761 3106 l
793 3067 822 3126 p.
845 3045 887 3107 41
921 3043 1070 3130 monuit).

134 3193 153 3260 ¹)
173 3190 213 3246 Of.
229 3189 475 3244 Reifferscheidius
494 3193 614 3258 quaestt.
635 3191 765 3244 Suetonn.
783 3196 843 3258 401,
864 3190 909 3244 cui
924 3189 1070 3244 oblocutus

66 3261 171 3316 Riesius
191 3263 209 3316 l.
225 3261 244 3316 l.
265 3277 339 3314 mere
357 3261 509 3330 repetitum
527 3278 545 3314 a
563 3262 673 3314 Donato
693 3261 818 3315 Suetonii
841 3260 1071 3314 commentarium

67 3347 120 3386 esse
139 3350 196 3388 non
212 3331 410 3400 contendisset,
430 3331 453 3384 si
469 3333 626 3385 accuratius
641 3332 727 3386 verba
745 3331 821 3384 illius
835 3331 1069 3399 perlustravisset.

67 3401 189 3458 Ceterum
208 3403 243 3457 of.
264 3401 425 3472 Nettleship
444 3403 557 3456 ancient
573 3402 637 3456 lifes
656 3402 688 3456 of
702 3402 799 3470 Vergil
819 3407 895 3454 1879.
1131 3402 1132 3406 ’

133 3473 153 3544 ²)
176 3475 207 3528 in
230 3473 366 3527 Bemensi
391 3472 486 3526 codice
511 3477 560 3526 527
585 3473 691 3526 saeculi
713 3471 863 3524 le—XV
887 3475 915 3524 et
939 3471 967 3523 in
991 3471 1070 3524 libris

66 3543 215 3613 impressis:
235 3543 301 3598 vide
320 3543 468 3612 Hagenum
486 3542 538 3596 1.1.
557 3562 583 3612 p.
604 3549 662 3596 680.
