2530 3960
514 243 613 298 clare.

472 529 662 612 clais,

102 689 183 754 Etsi
206 709 257 752 me
279 686 369 751 vario
392 687 546 751 iactatum
568 687 671 750 landis
695 708 802 750 amore

51 787 226 868 inritaque
249 787 416 867 expertum
437 784 561 848 fallacis
585 783 725 867 praemia
747 783 835 867 volgi

53 882 238 965 Cecropius
263 902 375 944 suaves
399 880 548 964 expirans
570 880 719 944 hortulus
743 902 836 944 auras

52 979 211 1044 florentis
235 977 330 1040 viridi
353 977 486 1061 sophiae
511 976 734 1060 complectitur
757 977 871 1040 umbra

52 1081 151 1167 (tum
173 1097 245 1140 mea
268 1096 348 1158 quae
370 1075 455 1138 ratio
479 1074 612 1159 dignum
635 1074 699 1138 sibi
717 1095 868 1157 quaerere
886 1072 1033 1137 carmen?
1059 1088 1075 1135 5

54 1180 160 1260 longe
185 1173 272 1237 aliud
295 1172 438 1236 studium
461 1176 557 1255 atque
581 1172 661 1236 alios
684 1171 824 1236 accincta
847 1171 973 1234 labores

55 1274 164 1339 altius
189 1271 229 1334 ad
249 1269 360 1354 magni
382 1269 548 1333 subtendit
571 1269 674 1332 sidera
696 1268 807 1332 mundi

55 1377 92 1436 et
118 1368 277 1454 placitum
300 1366 409 1448 paucis
433 1387 510 1430 ausa
533 1369 582 1429 est
605 1365 773 1430 ascendere
797 1362 938 1450 collem):

57 1471 263 1534 nontamen
286 1464 441 1527 absistam
464 1467 613 1546 coeptum
635 1464 781 1528 detexere
804 1484 931 1547 munus,

56 1570 96 1631 in
123 1585 188 1648 quo
211 1561 281 1624 iure
303 1583 391 1624 meas
415 1560 539 1624 utinam
561 1561 758 1644 requiescere
780 1581 888 1624 musas
1045 1576 1077 1624 10

57 1668 94 1728 et
119 1659 237 1724 leviter
259 1656 413 1721 blandum
435 1657 530 1720 liceat
554 1657 709 1740 deponere
733 1678 879 1720 amorem.

57 1758 154 1845 quod
177 1757 205 1819 si
227 1755 398 1818 mirificum
420 1754 553 1838 tgenus
576 1775 684 1818 omnes

57 1855 238 1922 mirificum
262 1851 373 1915 saeclis
397 1851 523 1934 †mod0
548 1852 591 1914 sit
613 1851 676 1914 tibi
698 1851 779 1916 velle
801 1851 913 1938 libido,

58 1956 91 2018 si
117 1975 170 2016 me
193 1951 259 2014 iam
282 1971 406 2014 summa
430 1945 595 2030 Sapientia
617 1951 772 2032 pangeret
795 1969 875 2035 arce,

58 2053 223 2134 quattuor
247 2046 389 2128 antiquis
411 2044 583 2108 heredibus
607 2045 693 2108 edita
716 2065 858 2130 consors,
1047 2060 1078 2110 15

60 2147 150 2211 unde
173 2144 341 2207 hominum
365 2164 487 2205 errores
510 2141 606 2225 longe
629 2141 756 2224 lateque
779 2163 836 2223 per
859 2141 970 2206 orbem

60 2243 223 2326 dispicere
247 2244 343 2323 atque
365 2238 497 2302 humilis
520 2260 649 2321 possem
672 2242 873 2304 contemnere
897 2259 1001 2302 curas:

61 2363 134 2405 non
157 2358 216 2421 ego
240 2340 273 2400 te
296 2336 395 2400 talem
417 2357 584 2399 venerarer
607 2358 737 2400 munere
759 2335 827 2421 tali,

62 2459 134 2502 non
157 2433 303 2516 equidem
326 2429 487 2516 (quamvis
510 2433 672 2497 interdum
694 2434 801 2496 ludere
824 2432 919 2496 nobis

62 2539 99 2598 et
123 2531 277 2617 gracilem
300 2530 391 2593 molli
413 2528 509 2594 liceat
531 2530 610 2612 pede
633 2530 779 2594 claudere
804 2526 956 2615 versum),
1045 2545 1080 2594 20

63 2631 123 2696 sed
144 2650 263 2714 magno
286 2627 442 2710 intexens,
466 2627 494 2690 si
517 2626 566 2690 tas
590 2632 639 2690 est
662 2627 774 2711 dicere,
798 2626 903 2710 peplo,

63 2727 174 2812 qualis
197 2723 387 2788 Erechtheis
413 2724 490 2786 olim
513 2727 662 2806 portatur
685 2722 832 2807 Athenis,

63 2824 177 2888 dehita
200 2843 272 2885 curn
296 2825 402 2884 castae
426 2820 596 2884 solvuntur
618 2824 695 2884 vota
718 2820 880 2884 Minervae

64 2922 223 3003 tardaque
246 2919 391 2982 confecto
415 2917 548 2980 redeunt
573 2915 790 3000 quinquennia
812 2916 925 3000 lustro,

63 3041 142 3083 oum
164 3017 243 3081 levis
268 3016 391 3078 alterno
416 3014 575 3098 zephyrus
599 3014 802 3078 concrebruit
826 3034 902 3076 euro
1048 3029 1081 3078 25

64 3121 100 3180 et
122 3135 226 3199 prono
250 3112 418 3197 gravidum
441 3111 588 3194 provexit
611 3110 751 3194 pondere
774 3131 911 3173 currum.

64 3211 145 3277 felix
168 3211 225 3273 illa
248 3209 314 3272 dies
338 3209 416 3272 felix
440 3211 473 3270 et
496 3208 613 3272 dicitur
638 3230 749 3292 annus,

64 3309 176 3372 felices
199 3307 255 3390 qui
277 3307 376 3370 talem
400 3327 519 3368 annum
542 3305 648 3370 videre
672 3306 829 3388 diemque:

63 3427 145 3491 ergo
168 3403 329 3468 Palladiae
352 3406 508 3466 texuntur
530 3403 565 3466 in
588 3403 698 3466 ordine
720 3423 847 3486 pugnae

64 3523 184 3588 magna
208 3499 376 3586 Giganteis
402 3503 557 3564 ornantur
579 3499 674 3582 pepla
696 3499 847 3582 tropaeis,
1047 3514 1082 3562 eo
