2580 3962
198 253 224 306 X
506 251 553 304 DE
573 251 661 304 VITA
678 251 725 305 ET
745 250 903 306 SORIPTIS

199 413 298 477 iambi
318 411 501 476 Catulliano
522 412 597 476 stilo
617 411 704 496 digni
725 409 830 498 (catal.
844 410 899 498 V),
918 411 1035 495 quibus
1054 415 1090 475 ut
1109 412 1216 494 philo-

200 511 333 593 sophiae
355 514 485 592 portum
509 514 620 593 petens
644 513 676 572 et
695 510 729 572 in
753 510 858 573 ‘docta
876 509 971 573 dicta’
997 510 1107 594 magni
1126 507 1217 572 Siro-

199 609 250 671 nis
282 611 352 670 toto
384 607 489 671 animo
518 628 691 670 conversus
721 606 825 670 valere
858 606 948 669 iubet
980 609 1012 668 et
1045 605 1215 669 rhetorum

200 706 312 768 inanes
327 705 483 786 ampullas
500 709 531 767 et
548 703 820 787 scholasticorum,
837 703 869 766 ln
885 723 909 766 e.
927 703 1218 786 grammaticorum

199 802 363 865 nationem
391 802 517 886 ‘pingui
545 799 736 864 madentem'
762 803 793 862 et
817 820 891 862 vero
920 799 1027 862 dulces
1056 820 1219 883 camenas,

201 921 281 982 quas
312 899 398 981 qnod
428 903 521 982 rogat
552 901 588 961 ut
620 899 778 978 ‘pudenter
808 901 839 959 et
869 896 953 959 raro'
986 896 1112 960 chartae
1144 896 1218 959 eius

200 996 355 1078 revisant,
383 995 543 1058 lasciviori
571 994 777 1078 potissimum
805 993 981 1057 carminum
1009 994 1132 1077 generi,
1163 995 1219 1056 cui

202 1092 348 1155 solebant
387 1092 597 1176 elegantiores
637 1091 782 1154 homines
826 1091 865 1154 ad
902 1088 1022 1155 Catulli
1059 1087 1219 1173 Calvique

201 1190 364 1272 exemplar
386 1189 561 1274 indulgere,
585 1188 768 1253 adulescens
792 1186 857 1249 illis
882 1187 1009 1271 quidem
1028 1185 1120 1249 annis
1142 1207 1220 1268 ope-

202 1307 271 1348 ram
295 1285 419 1347 dedisse
442 1283 608 1371 videtur1).

268 1381 336 1446 Nec
359 1404 510 1465 umquam
535 1381 683 1464 deposuit
706 1380 930 1464 philosophiae
949 1379 1100 1464 studium,
1123 1380 1219 1444 cuius

203 1483 236 1542 et
259 1479 384 1542 fructus
411 1479 446 1540 in
473 1478 666 1541 carminibus
692 1478 824 1562 reliquit
848 1477 1054 1541 suavissimos
1078 1473 1149 1563 (ecl.
1168 1475 1219 1541 Vl

203 1576 243 1640 31
266 1598 334 1658 sqq.
359 1596 398 1659 ge
421 1574 468 1638 IV
487 1576 550 1638 219
571 1596 639 1658 sqq.
663 1575 741 1638 Aen.
765 1573 781 1638 I
801 1574 864 1638 742
884 1595 953 1657 sqq.
976 1571 1022 1637 VI
1047 1573 1112 1637 724
1131 1573 1219 1661 sqq.)

202 1678 235 1736 ct
261 1672 371 1736 laudes
399 1672 514 1734 cecinit
541 1672 575 1734 in
605 1692 651 1755 ge.
675 1670 706 1734 H
729 1671 794 1735 475
815 1692 883 1754 sqq.
915 1670 992 1753 quid
1015 1670 1101 1753 quod
1124 1671 1220 1736 abso·
1284 1707 1285 1728 1

203 1772 272 1835 luta
295 1769 435 1833 Aeneide
464 1768 619 1850 reliquam
647 1769 748 1831 vitam
775 1773 878 1831 totam
907 1767 935 1830 ei
964 1767 1075 1830 dedere
1099 1770 1220 1832 consti·
1284 1757 1285 1778 ¹

203 1864 356 1953 tuerat2),
388 1866 454 1928 sive
484 1865 666 1929 meditando
697 1869 729 1928 et
759 1865 893 1950 legendo
925 1865 991 1928 sive
1021 1865 1108 1947 quod
1138 1865 1219 1930 olim
1284 1917 1285 1937 .

203 1967 370 2047 optaverat
397 1966 544 2045 poemate
573 1963 612 2025 ad
639 1961 781 2026 Lucretii
809 1961 989 2044 exemplum
1022 1959 1117 2024 ‘caeli
1146 1963 1219 2026 vias
1282 1965 1284 1970 ’

203 2067 235 2123 et
264 2059 380 2123 'sidera’
410 2059 656 2141 universamque
683 2081 791 2122 rerum
817 2063 966 2122 naturam
990 2058 1218 2140 explicaturus.

205 2261 345 2315 Cornelius
359 2261 465 2324 ardent,
488 2259 523 2312 Te
536 2259 589 2311 sibi
603 2259 713 2327 quisque
727 2260 811 2328 rapit,
824 2275 876 2326 per
889 2265 914 2313 te
927 2259 1048 2312 annm
1061 2259 1093 2311 ia
1106 2262 1216 2312 aevum’
1283 2281 1284 2302 r

204 2332 312 2385 Phooas
331 2348 356 2384 v.
377 2336 410 2382 63
425 2346 483 2396 sqq.
516 2329 588 2382 ‘vult
606 2330 702 2398 eaeque
719 2337 817 2384 sectam
836 2329 1014 2396 Epicuream,
1037 2346 1119 2396 quam
1142 2330 1218 2383 didi-

138 2453 139 2459 .
203 2410 296 2457 cerunt
309 2409 366 2456 tom
379 2400 513 2470 Vei-punis
527 2416 608 2468 qnam
623 2400 712 2454 Varus
726 2401 834 2454 docente
849 2399 957 2453 Sirone’
980 2397 1090 2452 Servius
1110 2399 1146 2452 ad
1164 2400 1217 2454 ecl.

204 2474 242 2525 VI
258 2479 298 2526 13.
329 2473 377 2526 ‘ec
395 2472 496 2525 aratore
514 2476 603 2523 antem
618 2477 699 2539 parte
713 2470 836 2525 Sironem
854 2471 885 2524 id
902 2477 940 2524 est
958 2471 1117 2539 mayisoam
1136 2487 1219 2524 senem
1283 2523 1284 2542 ,

205 2545 373 2612 Epicureum
390 2542 526 2611 seqnitur'
543 2540 618 2592 idem
637 2540 674 2594 ad
693 2541 760 2595 Aen.
774 2541 812 2594 VI
827 2546 886 2594 264.
915 2539 949 2594 cf.
966 2539 1050 2594 schol.
1060 2540 1162 2594 Veron.
1179 2543 1219 2594 ad

205 2613 255 2667 ecl.
270 2614 309 2667 VI
328 2619 342 2665 9
362 2631 388 2682 p.
406 2618 451 2678 74,
468 2617 482 2663 5
497 2610 530 2663 K.
561 2611 632 2676 ‘fait
654 2617 744 2666 autern
763 2613 852 2666 Veros
875 2612 1076 2680 condiscipulus
1095 2612 1218 2680 Va'rpitc'i,

204 2702 281 2756 quera
304 2686 426 2750 fraterno
445 2699 535 2737 errrore
553 2683 664 2736 dilexit'
690 2682 776 2736 schol.
797 2683 877 2736 Bern.
897 2682 933 2734 ad
953 2681 1002 2735 ecl.
1019 2681 1057 2734 Vl
1077 2687 1118 2735 11.
1147 2681 1217 2735 alle·

205 2755 312 2824 gorista
326 2753 471 2823 imperitus
486 2751 568 2804 finxit
586 2769 658 2819 quac
677 2752 782 2806 ibidem
796 2752 833 2806 ad
847 2771 872 2806 v.
888 2759 920 2806 13
939 2752 1124 2807 adnotantur:
1145 2752 1214 2807 ‘hos’

204 2824 347 2894 <Chromin
366 2827 395 2877 et
412 2822 594 2890 Mnasyllum)
616 2824 675 2891 ‘pro
694 2824 888 2892 eondiscipulis
903 2823 1015 2892 Virpdii
1033 2825 1152 2891 accipere
1171 2825 1216 2879 de-

204 2899 306 2962 bemus,
331 2895 402 2949 Varo
420 2895 521 2947 scilicet
539 2901 564 2947 et
583 2895 686 2961 Tucca,
707 2896 755 2963 qui
769 2901 878 2963 poetam
895 2895 976 2964 qnasi
994 2893 1115 2948 Silenum
1130 2896 1216 2962 petie-

204 2975 271 3022 runt
289 2967 402 3020 scribere
421 2965 561 3018 bucolica’
592 2963 675 3018 Siron
693 2967 816 3033 (Caicum)
839 2963 960 3018 nominis
982 2962 1101 3018 formam
1124 2963 1216 3017 vindi·
1282 3013 1283 3040 ,

204 3037 281 3091 cavit
295 3035 434 3105 Hauptius
448 3034 540 3088 Herm.
556 3035 568 3086 1
582 3053 608 3103 p.
623 3041 658 3087 40
669 3053 709 3102 sq.
738 3035 802 3088 Non
820 3034 958 3096 Alfenum,
979 3035 1029 3088 sed
1048 3033 1217 3098 Quintilium

204 3108 310 3162 Varum
326 3106 537 3160 Cremonensem
552 3105 656 3158 Sironis
676 3105 826 3174 disciplina
844 3122 901 3158 una
916 3121 979 3157 cum
993 3104 1118 3172 Vergilio
1133 3122 1215 3157 usum

205 3197 265 3233 esse
286 3178 340 3231 sibi
358 3175 499 3247 persuasit
516 3177 618 3230 Koerte
638 3194 707 3228 mus.
727 3177 778 3230 Rh.
798 3175 871 3228 XLV
887 3181 937 3228 172
952 3192 1012 3243 sqq.

279 3250 298 3316 1)
323 3249 408 3302 ‘inter
426 3248 506 3316 quos’
532 3247 591 3316 (qui
614 3264 710 3299 versus
736 3263 835 3316 parum
863 3261 973 3299 severos
998 3246 1134 3314 fecerunt)
1160 3247 1217 3301 ‘cel

200 3322 348 3392 praecipue
361 3319 546 3371 annrerandns
560 3325 597 3370 est
612 3317 644 3371 P.
661 3319 803 3386 Verpiliua
824 3315 965 3370 Cornelius
980 3317 1080 3384 Nepos,
1099 3324 1123 3371 et
1135 3319 1216 3386 pius

5 3399 7 3456 l
204 3392 306 3445 Accius
326 3389 499 3456 Enaiusque'
521 3386 628 3441 Plinius
649 3388 729 3457 epist.
744 3386 770 3438 V
784 3392 808 3453 3,
828 3391 852 3440 6.

5 3459 7 3546 q
278 3459 297 3528 ²)
319 3461 492 3582 ‘ntheliqua
516 3460 575 3513 vita
598 3464 705 3512 tantam
724 3459 914 3526 philosophiae
935 3459 1058 3512 ancaret'
1087 3457 1214 3511 Donatus

203 3553 228 3602 p.
250 3537 346 3597 6216
392 3575 396 3584 .
