2556 3966
209 239 277 304 360
535 239 683 295 VERGILI
701 241 833 296 AENEIS
852 243 890 296 XI

209 405 297 466 terra
319 402 417 488 viros,
439 402 526 466 ultro
549 402 697 468 Inachias
719 403 860 468 venisset
883 406 922 469 ad
944 407 1040 471 urbes

210 496 390 582 Dardanus,
413 501 445 561 et
467 498 569 562 versis
592 499 717 582 lugeret
741 497 874 565 Graecia
896 501 980 567 fatis.

210 595 366 679 quidquid
390 595 474 679 apud
497 595 594 660 durae
617 600 776 662 cessatum
800 601 849 662 est
871 600 997 664 moenia
1020 600 1145 686 Troiae,

211 689 359 756 Hectoris
382 691 572 775 Aeneaeque
594 715 692 757 manu
713 693 849 758 victoria
876 694 1009 761 Graium

168 771 172 883 i,
209 787 315 852 haesit
337 792 370 852 et
392 789 427 852 in
449 789 606 854 decimum
628 789 765 874 vestigia
788 793 915 856 rettulit
939 816 1065 858 annum.
1168 812 1213 860 aaa

170 886 172 901 '
211 886 305 949 ambo
330 885 454 971 animis,
478 886 572 950 ambo
595 886 738 971 insignes
761 890 1002 970 praestantibus
1027 891 1138 955 armis:

172 1016 174 1033 ι
211 982 264 1047 hic
286 985 406 1067 pietate
430 984 527 1067 prior.
574 987 687 1048 coeant
708 985 744 1047 in
765 984 893 1050 foedera
916 987 1045 1052 dextrae

173 1070 176 1096 ²
210 1103 275 1164 qua
297 1080 404 1165 datur3
428 1084 480 1145 ast
503 1081 600 1145 armis
624 1075 815 1145 concurrant
838 1105 927 1147 arma
950 1085 1092 1148 cavete.’'

210 1181 243 1240 et
266 1199 420 1261 responsa
444 1177 540 1241 simul
564 1199 645 1260 quae
668 1177 744 1262 sint,
766 1200 822 1242 rex
847 1180 977 1266 optime,
1001 1182 1088 1267 regis

211 1273 329 1338 audisti
353 1278 385 1338 11
408 1295 490 1357 quae
513 1273 557 1336 sit
579 1294 696 1356 magno
721 1277 880 1342 sententia
901 1277 1008 1342 aeuo?
1167 1297 1211 1344 aas

255 1369 319 1435 Vix
342 1393 379 1436 ea
400 1371 510 1455 legati,
531 1371 703 1454 variusque
726 1394 783 1455 per
806 1395 862 1438 ora
885 1375 1026 1438 cucurrit

210 1467 413 1532 Ausonidum
434 1469 566 1532 turbata
589 1469 720 1532 fremor:
744 1491 801 1533 ceu
824 1492 902 1534 saxa
923 1476 1093 1536 morantur

210 1587 284 1629 cum
306 1565 434 1649 rapidos
458 1565 571 1650 amnis,
593 1565 632 1629 fit
655 1565 763 1630 clauso
787 1569 915 1652 gurgite
937 1589 1083 1633 murmur

210 1663 395 1746 vicinaeque
418 1663 558 1727 fremunt
581 1662 669 1744 ripae
692 1663 924 1746 crepitantibus
948 1665 1051 1728 undis.
1108 1693 1121 1728 ι

211 1763 248 1822 ut
270 1759 410 1843 primum
432 1758 550 1842 placati
573 1758 673 1822 animi
695 1763 728 1823 11
751 1760 876 1843 trepida
899 1782 955 1824 ora
979 1761 1144 1847 quierunt,
1164 1779 1209 1827 ³00

210 1857 373 1940 praefatus
397 1855 487 1920 divos
511 1854 592 1919 solio
615 1877 671 1918 rex
695 1856 767 1920 infit
791 1857 831 1920 ab
856 1858 935 1921 alto:

211 1955 297 2017 ‘aute
321 1953 466 2036 equidem
489 1974 613 2016 summa
635 1953 672 2016 de
695 1975 729 2016 re
753 1954 915 2039 statuisse,
937 1953 1061 2041 Latini,

211 2055 243 2114 et
265 2050 379 2115 vellem
402 2054 433 2114 et
456 2050 561 2114 fuerat
584 2049 708 2134 melius,
730 2071 797 2114 non
819 2054 963 2134 tempore
985 2052 1045 2116 tali

210 2169 322 2232 cogere
346 2147 525 2232 concilium,
547 2168 618 2210 cum
641 2168 750 2210 muros
775 2146 898 2210 adsidet
920 2147 1034 2213 hostis.

211 2246 331 2309 bellum
353 2245 573 2329 inportunum,
595 2244 688 2327 cives,
711 2265 784 2308 cum
806 2248 901 2328 gente
920 2245 1052 2310 deorum
1163 2262 1206 2312 ³⁰5

209 2342 402 2426 invictisque
424 2339 503 2404 viris
527 2340 677 2424 gerimus,
701 2361 782 2424 quos
804 2342 895 2406 nulla
919 2341 1060 2427 fatigant

209 2439 343 2523 proelia:
365 2458 423 2502 neo
446 2435 524 2500 victi
547 2441 683 2518 possunt
707 2438 863 2502 absistere
885 2438 979 2504 ferro.

209 2558 298 2619 spem
322 2535 447 2618 siquam
470 2533 579 2596 ascitis
601 2530 755 2597 Aetolum
777 2533 937 2598 habuistis
960 2535 1125 2622 inarmis,

208 2633 332 2717 ponite:
356 2652 428 2714 spes
452 2629 515 2692 sibi
539 2629 681 2712 quisque.
717 2629 772 2694 sed
793 2630 872 2694 haec
895 2653 991 2714 quam
1014 2636 1149 2717 angusta
1169 2631 1206 2693 vi-

846 2728 944 2812 detis3

208 2829 314 2889 cetera
337 2847 400 2909 qua
423 2846 530 2888 rerum
552 2824 677 2888 iaceant
699 2823 845 2907 perculsa
867 2825 969 2909 ruina,
1160 2840 1204 2889 310

209 2925 284 2986 ante
307 2923 416 2986 oculos
439 2921 586 3004 interque
609 2942 723 2984 manus
747 2925 823 2986 sunt
847 2923 953 2986 omnia
975 2926 1106 2988 vestras.

208 3041 267 3083 nec
290 3040 481 3102 quemquam
504 3018 628 3082 incuso:
651 3018 759 3100 potuit
783 3039 863 3101 quae
885 3017 1026 3102 plurima
1048 3020 1148 3084 virtus

208 3139 287 3201 esse,
309 3115 386 3199 fuit3
409 3118 481 3179 toto
505 3117 663 3178 certatum
686 3119 734 3178 est
757 3137 889 3198 corpore
912 3117 1012 3200 regni.

208 3235 294 3276 nunc
317 3212 394 3276 adeo
419 3233 499 3295 quae
523 3211 566 3274 sit
590 3211 704 3275 dubiae
728 3213 888 3276 sententia
909 3213 1011 3276 menti

209 3310 374 3393 expediam
397 3313 429 3372 et
451 3309 561 3391 paucis
584 3305 724 3398 (animos
748 3308 909 3396 adhibete)
933 3310 1061 3374 docebo.
1158 3320 1202 3370 111

208 3412 259 3472 111
283 3406 407 3470 anticus
431 3425 506 3489 ager
528 3405 631 3469 Tusco
655 3406 735 3469 mihi
758 3407 923 3490 proximus
947 3407 1042 3493 amni,

206 3505 326 3589 longus
349 3503 384 3566 in
407 3523 562 3586 occasum,
583 3502 657 3566 finis
682 3525 776 3585 super
800 3525 900 3586 usque
924 3499 1068 3586 Sican013
