2538 3970
431 963 469 1036 P.
497 962 693 1035 VERGILI
734 961 945 1033 MARONIS

396 1137 433 1218 Α
479 1138 515 1220 Ε
560 1137 603 1217 Ν
648 1135 684 1216 Ε
730 1135 752 1216 Ι
796 1135 836 1216 D
883 1135 918 1216 Ο
965 1135 993 1218 S

509 1327 641 1394 mans
665 1326 870 1393 occasus.

186 1469 234 1536 Ut
257 1471 336 1534 belli
360 1472 488 1556 signum
510 1469 663 1534 Laurenti
686 1469 812 1532 Turnus
837 1469 877 1533 ab
901 1491 971 1533 arce

188 1567 305 1631 extulit
328 1571 360 1632 st
383 1589 478 1632 rauco
502 1570 707 1650 strepuerunt
731 1587 852 1630 cornua
870 1571 976 1650 cantu,

190 1666 303 1752 [utque
327 1665 409 1729 acris
433 1663 593 1728 concussit
616 1685 714 1746 equos
738 1668 838 1748 utque
861 1665 991 1748 impulit
1015 1667 1124 1752 arma]

189 1762 348 1845 extemplo
371 1761 495 1825 turbati
519 1760 626 1845 animi,
650 1759 744 1824 simul
769 1783 861 1826 omne
884 1762 1027 1827 tumultu

190 1859 335 1924 coniurat
358 1858 482 1942 trepido
506 1857 636 1922 Latium
659 1857 823 1942 saevitque
845 1860 994 1924 iuventus
1170 1877 1183 1924 5

190 1957 292 2022 effera.
338 1957 484 2021 ductores
507 1954 603 2039 primi
626 1953 793 2038 Messapus
817 1959 849 2019 et
871 1955 973 2020 Ufens

189 2055 453 2135 contemptorque
476 2051 569 2115 deum
593 2049 769 2115 Mezentius
793 2052 932 2136 undique
956 2060 1076 2140 cogunt

189 2149 308 2215 auxilia
330 2153 362 2214 et
384 2149 469 2213 latos
491 2151 621 2213 vastant
643 2147 821 2212 cultoribus
844 2170 947 2234 agros.

188 2243 330 2311 mittitur
354 2250 385 2310 et
408 2246 518 2330 magni
540 2244 685 2310 Venulus
708 2242 871 2310 Diomedis
896 2246 935 2310 ad
957 2246 1079 2333 urbem,

189 2344 244 2428 qui
267 2347 356 2427 petat
380 2342 535 2406 auxilium
558 2347 590 2406 et
613 2341 706 2406 Latio
731 2344 905 2407 consistere
928 2343 1078 2430 Teucros,
1154 2360 1181 2407 10

188 2442 354 2506 advectum
375 2438 507 2504 Aenean
529 2438 623 2501 classi
647 2438 814 2522 victosque
836 2441 962 2523 penatis

188 2539 305 2603 inferre
329 2541 361 2601 et
384 2537 460 2601 fatis
483 2557 591 2621 regem
614 2557 648 2599 se
671 2536 773 2600 dicere
795 2537 885 2620 posci

188 2636 317 2698 edoceat
342 2633 537 2718 [multasque
560 2632 629 2696 viro
654 2655 687 2697 se
711 2633 881 2719 adiungere
904 2635 1010 2719 gentis

188 2729 350 2795 Dardanio
374 2733 406 2793 et
429 2729 494 2793 late
516 2729 610 2794 Latio
634 2730 865 2794 increbrescere
886 2729 1027 2814 nomen]⁸

189 2829 266 2911 quid
290 2831 394 2891 struat
416 2826 468 2890 his
491 2827 623 2912 coeptis
647 2849 750 2912 quem,
773 2827 801 2890 si
823 2827 954 2892 fortuna
978 2831 1137 2910 sequatur,
1154 2841 1180 2888 15

188 2928 338 2989 eventum
360 2944 486 3008 pugnae
509 2923 626 3008 cupiat,
648 2923 849 2988 manifestius
872 2924 936 3006 ipsi

189 3044 286 3106 quam
309 3021 418 3086 Turno
441 3021 510 3106 regi
533 3025 589 3084 aut
612 3021 681 3105 regi
705 3042 856 3104 apparere
879 3019 1004 3086 Latino.

232 3119 323 3184 Talia
345 3140 402 3201 per
424 3117 562 3182 Latium.
605 3139 686 3201 quac
709 3117 957 3182 Laomedontius
979 3118 1074 3182 heros

188 3221 302 3282 cuncta
325 3216 435 3292 uidens
458 3236 575 3301 magno
599 3237 747 3280 curarum
769 3213 904 3278 fluctuat
927 3219 1026 3300 aestu,

188 3319 284 3400 atqua
308 3313 449 3377 animum
471 3332 556 3376 nunc
578 3311 641 3375 huc
664 3311 805 3397 celerem,
827 3333 912 3376 nunc
931 3311 1044 3375 dividit
1063 3311 1181 3396 illuc‚‘.>0

187 3414 222 3477 in
244 3412 410 3496 partisque
432 3409 517 3492 rapit
540 3409 644 3472 varias
668 3430 787 3493 perque
811 3409 918 3474 omnis
939 3413 1058 3473 versat:

186 3512 270 3577 sicut
294 3529 394 3593 aquae
418 3507 589 3570 tremulum
612 3505 711 3570 labris
735 3506 791 3570 ubi
814 3507 923 3571 lumen
946 3505 1032 3570 aenis
