2556 3966
219 279 285 343 406
333 233 335 238 ¹
467 292 470 303 ·
541 278 688 332 VERGILI
706 278 838 332 AENEIS
857 278 907 332 XII

219 440 368 504 dicuntur
392 441 536 524 geminae
559 444 665 523 pestes
690 440 880 523 cognomine
902 437 1008 524 Dirae,
1181 458 1238 506 845

220 559 299 620 quas
323 540 355 600 ct
378 536 563 600 Tartaream
585 535 659 600 Nox
682 535 875 619 intempesta
898 535 1080 620 Megaeram

219 655 283 697 uno
307 633 479 717 eodemque
501 634 579 698 tulit
601 637 697 717 partu
719 633 915 716 paribusque
938 633 1077 697 revinxit

220 734 403 813 serpentum
428 730 523 812 spiris
546 733 760 813 ventosasque
783 729 905 794 addidit
928 729 1003 793 alae.

219 825 279 889 hae
301 824 387 889 Iovis
412 825 451 888 ad
475 825 592 888 solium
616 827 764 909 saevique
787 827 822 890 in
843 826 954 890 limine
976 827 1062 911 regis

220 927 374 1007 apparent
398 926 578 1006 acuuntque
600 927 720 986 metum
744 923 935 987 mortalibus
959 923 1074 1007 aegris⁷
1182 944 1239 992 858

220 1019 375 1102 siquando
399 1020 500 1084 letum
521 1020 708 1084 horrificum
729 1017 923 1102 morbosque
946 1017 1039 1081 deum
1062 1041 1120 1082 rex

220 1116 353 1180 molitur
376 1118 505 1180 meritas
530 1121 585 1180 aut
608 1115 696 1180 bello
717 1117 846 1180 territat
869 1115 974 1179 urbes.

219 1212 334 1276 barum
356 1235 453 1276 unam
476 1214 608 1277 celerem
631 1213 759 1277 demisit
783 1213 823 1276 ab
847 1212 975 1275 aethere
999 1233 1127 1276 summo

219 1309 364 1393 Iuppiter
387 1309 490 1392 inque
507 1331 601 1373 omen
622 1309 774 1373 Iuturnae
799 1330 962 1373 occurrere
990 1309 1096 1373 iussit.

219 1407 276 1469 illa
298 1407 387 1470 volat
409 1407 566 1489 celerique
589 1407 629 1470 ad
651 1411 771 1470 terram
793 1406 922 1470 turbine
945 1405 1055 1469 fertur.
1181 1426 1236 1475 855

219 1523 286 1566 585
308 1524 397 1566 88858
422 1524 458 1566 ac
479 1524 577 1566 nervo
601 1525 657 1586 per
679 1503 797 1566 nubem
819 1503 948 1586 inpulsa
967 1503 1097 1588 sagitta,

185 1644 188 1663 ,
221 1603 376 1662 armatam
400 1601 483 1663 saevi
508 1599 647 1664 Parthus
672 1622 768 1684 quam
790 1600 864 1664 felle
886 1600 1009 1684 veneni,

183 1727 187 1773 1
220 1694 358 1759 Parthus
383 1696 449 1759 sive
473 1695 594 1780 Cydon,
617 1697 718 1759 telum
740 1696 970 1780 inmedicabile,
992 1698 1100 1782 torsit,

184 1804 188 1835 r
221 1793 358 1855 stridens
382 1797 415 1857 et
433 1794 543 1856 celeris
567 1794 731 1878 incognita
753 1793 896 1858 transilit
918 1793 1063 1857 umbras:

220 1890 295 1953 talis
320 1912 353 1953 se
377 1894 447 1954 sata
469 1889 573 1954 Nocte
596 1891 673 1954 tulit
696 1894 862 1976 terrasque
884 1891 1008 1974 petivit.
1180 1912 1236 1960 860
1272 1953 1273 1960 ,

220 1991 392 2070 postquam
416 1987 497 2050 acies
521 1988 607 2051 videt
629 1986 741 2050 Iliacas
765 1991 861 2070 atque
884 1988 1012 2071 agmina
1035 1987 1147 2077 Turni,

221 2084 307 2148 alitis
331 2084 366 2146 in
388 2106 503 2167 parvae
526 2084 667 2148 subitam
689 2084 831 2148 conlecta
853 2085 1000 2170 figuram,

157 2223 161 2253 ,
221 2203 302 2264 quae
325 2182 485 2265 quondam
507 2181 542 2244 in
564 2182 669 2246 bustis
693 2185 749 2244 aut
772 2182 964 2246 culminibus
988 2182 1124 2247 desertis

158 2256 160 2315 !
219 2281 314 2342 58818
338 2278 448 2341 sedens
473 2300 578 2342 serum
601 2278 686 2341 canit
708 2278 893 2360 importuna
915 2301 972 2363 per
994 2279 1142 2365 umbras,

158 2329 165 2426 1
220 2375 416 2438 hancversa
438 2374 608 2438 infaciem
630 2373 731 2437 Turni
755 2396 788 2437 88
811 2375 912 2456 pestis
936 2375 976 2438 ob
1001 2397 1057 2438 ora
1179 2394 1234 2444 855

162 2459 345 2572 tssfertque
368 2471 529 2554 refertque
553 2493 669 2535 885858
693 2471 903 2554 clupeumquc
926 2472 1091 2535 everberat
1115 2475 1184 2538 8118.

163 2613 166 2629 .
222 2568 278 2631 olli
301 2567 443 2631 membra
465 2588 566 2631 novos
586 2568 683 2632 solvit
706 2568 874 2632 formidine
898 2573 1020 2653 torpor,

221 2668 423 2746 arrectaeque
445 2663 578 2728 horrore
601 2686 718 2749 comae,
741 2669 773 2728 et
795 2687 857 2728 vox
881 2665 1027 2730 faucibus
1050 2666 1166 2732 haesit.

167 2756 169 2784 ²
221 2765 254 2824 at
277 2759 389 2843 procul
412 2763 448 2822 ut
471 2759 568 2823 Dirae
592 2761 760 2825 stridorem
784 2762 937 2846 adgnovit-
960 2767 992 2826 et
1018 2764 1095 2848 alas,

220 2856 331 2919 infelix
355 2855 450 2918 crinis
475 2855 590 2918 scindIt
611 2854 746 2921 Iuturna
769 2860 902 2945 solutor,
1178 2881 1231 2927 870

220 2953 383 3037 unguibus
407 2975 463 3016 ora
487 2974 578 3016 soror
600 2953 731 3019 foedans
756 2960 787 3019 et
810 2960 939 3039 pectora
962 2957 1093 3041 pugnis:

220 3050 309 3133 ‘quid
331 3071 416 3112 nunc
439 3053 471 3112 te
494 3054 560 3133 tua,
582 3050 697 3136 Turne,
719 3057 827 3136 potest
850 3074 1002 3137 germana
1024 3055 1157 3120 iuvare?

220 3151 276 3210 aut
300 3147 376 3230 quid
399 3147 463 3209 iam
486 3145 582 3210 durae
606 3155 735 3232 superat
759 3149 859 3214 mihi?
885 3172 947 3233 qua
969 3151 1031 3215 tibi
1054 3152 1161 3218 lucem

220 3247 288 3305 arte
311 3243 438 3305 morer?
462 3243 544 3305 talin
565 3265 698 3326 possum
720 3269 771 3310 me
795 3269 955 3331 opponere
978 3252 1149 3315 monstro?

219 3340 283 3402 iam
307 3339 371 3401 iam
393 3339 505 3421 linquo
529 3341 621 3405 acies.
666 3363 706 3406 58
728 3365 779 3406 me
802 3348 919 3407 terrete
941 3346 1119 3433 timentem,
1179 3365 1230 3413 875

220 3435 374 3498 obscenae
397 3435 553 3498 volucres:
578 3437 700 3500 alarum
724 3439 855 3501 verbera
877 3462 975 3504 nosco

150 3520 155 3633 ’ζ
218 3531 409 3613 letalemque
433 3551 556 3615 sonum,
578 3550 636 3594 nec
659 3533 775 3596 fallunt
798 3536 885 3598 iussa
909 3538 1046 3620 superba
