2576 3970
168 241 232 304 202
503 240 650 296 vacem
668 239 799 296 AENEIS
813 239 838 293 V

168 403 225 466 olli
248 423 338 468 serva
361 404 464 486 datur,
487 424 618 486 operum
640 402 720 465 haut
743 402 856 486 ignara
879 399 1051 478 Minervae,

168 495 282 562 Cressa
304 520 414 585 genuS,
435 498 566 584 Pholoe,
588 499 770 583 geminique
794 498 855 562 sub
878 498 976 561 ubere
997 497 1077 560 nati.
1127 511 1180 560 285
1283 491 1284 506 ¹

211 594 283 659 Hoc
304 596 377 679 pius
400 595 524 660 Aeneas
547 595 647 659 misso
671 595 843 659 certamine
867 594 970 657 tendit

168 693 368 777 gramineum
388 693 424 758 in
446 715 606 778 campum,
629 713 724 775 quem
746 692 883 756 collibus
906 691 1047 774 undique
1071 691 1181 754 curvis

168 790 339 874 cingebant
363 791 470 877 silvae,
492 790 657 872 mediaque
680 789 715 851 in
737 788 820 852 valle
842 787 962 850 theatri

169 887 270 951 circus
294 891 375 971 erat3
399 909 463 971 quo
487 908 521 950 se
543 887 655 950 multis
679 907 751 948 cum
773 884 904 948 milibus
927 883 1024 947 heros

169 1005 320 1048 consessu
342 985 481 1048 medium
503 984 581 1047 tulit
603 986 814 1064 extructoque
838 981 954 1044 resedit
1128 997 1182 1044 290

168 1178 230 1264 hic,
253 1178 309 1261 qui
332 1179 416 1242 forte
438 1177 539 1241 velint
562 1177 672 1258 rapido
697 1175 887 1239 contendere
910 1196 1014 1259 cursu,
1103 1167 1105 1170 ’

169 1275 287 1338 invitat
309 1275 422 1358 pretiis
446 1275 579 1358 animos,
602 1278 634 1336 et
654 1273 795 1356 praemia
817 1272 918 1355 ponit.

169 1371 309 1454 undique
332 1370 524 1434 conveniunt
547 1369 661 1433 Teucri
683 1371 841 1453 mixtique
864 1369 980 1456 Sicani,

170 1466 270 1532 Nisus
294 1471 325 1531 et
348 1466 510 1549 Euryalus
533 1466 638 1552 primi,

170 1565 331 1648 Euryalus
354 1564 458 1627 forma
480 1562 617 1647 insignis
640 1563 798 1648 viridique
820 1565 960 1649 iuventa,
1130 1581 1182 1630 090

170 1661 271 1726 Nisus
295 1681 401 1724 amore
423 1659 478 1742 pio
501 1659 604 1744 pueri3
629 1681 709 1742 quos
733 1661 845 1724 deinde
868 1666 995 1725 secutus

170 1759 278 1844 regius
301 1757 429 1842 egregia
451 1754 571 1820 Priami
594 1757 631 1819 de
655 1757 755 1840 stirpe
777 1755 907 1840 Diores3

170 1856 256 1920 hunc
279 1853 384 1918 Salius
408 1853 504 1917 simul
526 1857 558 1918 ct
580 1851 711 1938 Patron,
734 1875 871 1936 quorum
894 1853 975 1917 alter
998 1853 1161 1941 Acarnan,

171 1954 252 2018 alter
275 1950 314 2016 ab
337 1949 475 2014 Arcadio
499 1949 660 2034 Tegeaeae
683 1950 838 2035 sanguine
861 1950 980 2034 gentis3

171 2054 241 2113 tum
264 2049 325 2112 duo
349 2046 505 2110 Trinacrii
527 2047 656 2110 iuvenes
679 2045 836 2130 Helymus
858 2045 1080 2133 Panopesque,
1129 2067 1182 2114 000

172 2146 296 2211 adsueti
318 2144 418 2228 silvis,
440 2143 573 2207 comites
597 2144 731 2208 senioris
755 2143 903 2227 Acestae3

171 2244 266 2308 multi
288 2245 460 2327 praeterea,
483 2262 564 2324 quos
587 2241 672 2304 fama
696 2241 833 2304 obscura
855 2239 1007 2304 recondit.

171 2341 295 2404 Aeneas
319 2339 435 2422 quibus
458 2339 494 2401 in
514 2337 628 2401 mediis
650 2337 698 2401 sic
720 2337 832 2400 deinde
854 2337 995 2401 locutus:

172 2437 316 2520 ‘accipite
339 2435 416 2498 haec
439 2434 554 2498 animis
578 2434 743 2518 laetasque
766 2433 922 2497 advertite
945 2439 1079 2500 mentes.

170 2555 264 2598 nemo
288 2555 326 2597 ex
348 2531 410 2596 hoc
431 2553 564 2596 numero
588 2531 668 2594 mihi
690 2552 758 2595 non
779 2530 917 2594 donatus
942 2530 1054 2595 abibit.
1130 2551 1180 2598 000

172 2629 290 2695 Cnosia
312 2629 389 2692 bina
411 2627 493 2691 dabo
517 2628 623 2690 levato
646 2628 753 2690 lucida
774 2627 859 2690 ferro

172 2728 294 2810 spicula
317 2725 533 2808 caelatamque
556 2729 689 2808 argento
712 2725 795 2788 ferre
818 2724 1002 2808 bipennem:

173 2825 321 2889 omnibus
345 2822 397 2885 hic
420 2823 481 2886 erit
503 2841 587 2884 unus
610 2821 722 2885 honos.
769 2825 834 2884 tres
857 2822 998 2904 praemia
1021 2824 1119 2904 primi

172 2921 328 3004 accipient
350 2919 496 3001 flavaque
519 2922 614 3000 caput
636 2921 805 2982 nectentur
829 2918 920 2981 oliva.

171 3018 294 3101 primus
318 3038 408 3080 ecum
431 3015 571 3098 phaleris
594 3015 754 3099 insignem
776 3014 879 3078 victor
902 3014 1034 3099 10101ος
1131 3032 1181 3082 310

173 3115 254 3178 alter
275 3112 486 3178 Amazoniam
508 3111 693 3194 pharetram
716 3113 906 3195 plenamque
929 3111 1060 3198 sagittis

172 3209 357 3294 Thraeiciis,
379 3208 446 3272 lato
472 3230 568 3293 quam
590 3208 709 3273 circum
732 3209 936 3292 amplectitur
960 3230 1039 3273 auro

172 3305 299 3370 balteus
323 3309 355 3369 et
378 3305 473 3369 tereti
496 3304 658 3368 subnectit
680 3304 780 3368 fibula
803 3325 943 3390 gamma3

172 3401 288 3467 tertius
313 3400 465 3483 Argolica
487 3401 546 3464 bac
570 3401 661 3484 galea
683 3405 852 3464 contentus
876 3401 987 3466 abito'

171 3502 249 3565 haec
271 3498 329 3563 ubi
352 3497 446 3582 dicta,
468 3497 573 3560 locum
597 3497 726 3580 capiunt
750 3498 908 3582 signoque
931 3502 1065 3581 repente
1132 3516 1182 3564 alo
