2612 3964
137 223 143 236 '
190 199 253 262 114
533 198 679 254 VERGlLl
699 198 833 253 Arruns
852 200 865 252 1

187 359 432 444 exanimumque
456 382 533 424 auro
558 382 673 443 corpus
697 361 854 424 vendebat
876 359 1027 426 Achilles.

102 508 104 512 .
187 460 255 519 tum
280 478 356 522 vero
379 457 543 542 ingentem
566 457 722 542 gemitum
744 458 800 521 dat
822 461 950 540 pectore
974 459 1013 522 ab
1037 459 1121 544 imo,
1151 477 1206 524 485

188 557 225 616 ut
250 553 366 638 spolia,
388 558 426 618 ut
449 575 578 639 curruS,
601 558 701 638 utque
723 555 831 638 ipsum
854 577 969 638 corpus
993 556 1089 620 amici

183 651 434 734 'tendentemque
456 673 570 714 manus
592 649 756 721 Priamum
779 651 945 734 conspexit
967 651 1109 716 inermis.

189 769 223 810 se
247 769 374 832 quoque
396 749 596 832 principibus
619 748 814 831 permixtum
838 748 991 832 adgnovit
1013 749 1151 814 Achivis

190 867 328 929 eoasque
351 845 433 910 acies
457 849 489 908 et
511 845 598 930 nigri
620 843 802 908 Memnonis
827 867 922 909 arma.

189 942 276 1005 ducit
299 941 532 1006 Amazonidum
554 941 681 1006 lunatis·
700 942 828 1026 agmina
851 942 947 1025 peltis
1151 961 1208 1008 490

188 1037 391 1102 Penthesilea
413 1039 523 1103 furens
546 1039 722 1122 mediisque
744 1039 780 1102 in
801 1038 934 1102 milibus
958 1039 1062 1125 ardet,

190 1159 285 1200 aurea
309 1137 500 1201 subnectens
525 1138 651 1200 exertae
674 1136 803 1220 cingula
824 1159 993 1221 mammae,

190 1234 355 1320 bellatrix,
379 1235 536 1318 audetque
558 1233 636 1297 viris
661 1254 847 1296 concurrere
869 1234 969 1318 virgo

234 1331 322 1396 Haec
345 1331 420 1394 dum
443 1327 605 1394 Dardanio
628 1328 755 1394 Aeneae
777 1330 921 1396 miranda
944 1331 1109 1416 videntur,

191 1428 267 1491 dum
291 1431 400 1510 stupet
424 1427 604 1510 obtutuque
626 1427 737 1490 haeret
759 1428 881 1490 defixus
905 1428 940 1490 in
961 1450 1040 1514 unc,
1152 1447 1207 1495 495

191 1525 302 1608 regina
325 1525 365 1588 ad
386 1524 559 1608 templum,
581 1525 684 1587 forma
707 1523 921 1608 pulcherrima
943 1523 1026 1588 Dido
1033 1577 1042 1609 ,

192 1609 327 1684 incessit
344 1641 461 1704 magna
483 1619 635 1684 iuvenum
658 1622 799 1704 stipante
822 1625 956 1685 caterva.

193 1717 296 1800 qualis
319 1717 355 1780 in
376 1717 519 1781 Eurotae
542 1718 621 1800 ripis
645 1721 701 1782 aut
723 1741 780 1801 per
803 1718 879 1803 iuga
903 1717 1023 1802 Cynthi

193 1817 317 1876 exercet
335 1812 440 1876 Diana
462 1813 590 1898 choros,
614 1836 710 1898 quam
732 1815 820 1878 mille
844 1819 970 1878 secutae

192 1911 267 1974 hine
281 1914 377 1994 atque
390 1909 466 1974 hinc
480 1911 699 1994 glomerantur
709 1913 857 1976 oreades:
880 1913 937 1976 illa
950 1911 1138 1996 pharetram
1153 1932 1206 1980 500

193 2009 255 2071 fert
279 2030 388 2072 umero
412 2009 624 2092 gradiensque
646 2009 720 2072 deas
744 2009 958 2092 supereminet
981 2010 1086 2072 omnis

194 2104 350 2192 (Latonae
373 2105 507 2169 tacitum
529 2109 747 2190 pertemptant
770 2103 887 2188 gaudia
909 2102 1049 2192 pectus):

193 2203 269 2266 talis
293 2206 361 2266 erat
384 2201 482 2286 Dido,
505 2203 603 2266 talem
626 2225 660 2266 se
681 2203 766 2266 laeta
788 2201 911 2264 ferebat

193 2322 250 2384 per
271 2300 407 2386 medios,
429 2300 555 2363 instans
579 2300 667 2384 operi
689 2299 861 2383 regnisque
883 2297 1010 2360 futuris.

194 2401 265 2460 tum
286 2396 411 2459 foribus
435 2395 538 2480 divae,
561 2396 664 2460 media
687 2419 703 2460 e
726 2395 888 2459 testudine
910 2394 1037 2479 templi,
1152 2414 1204 2463 505

196 2497 306 2576 saepta
329 2493 425 2556 armis
450 2493 594 2576 solioque
618 2493 681 2556 alte
705 2493 841 2556 subnixa
862 2492 988 2556 resedit.

194 2591 265 2654 iura
288 2590 384 2653 dabat
406 2589 558 2674 legesque
579 2589 674 2675 viris,
697 2610 891 2672 operumque
912 2589 1057 2652 laborem

195 2687 343 2770 partibus
367 2686 525 2770 aequabat
548 2685 642 2749 iustis
667 2691 723 2750 aut
747 2689 833 2750 sorte
855 2684 1020 2748 trahebat:

195 2806 268 2847 cum
291 2784 399 2848 subito
422 2783 546 2847 Aeneas
569 2803 725 2847 concursu
749 2783 893 2847 accedere
915 2801 1033 2865 magno
1202 2843 1207 2851 ,

195 2881 323 2945 Anthea
346 2879 594 2965 Sergestumque
615 2867 701 2944 videt
723 2881 903 2964 fortemque
927 2877 1125 2943 Cloanthum
1152 2898 1204 2945 110

196 2979 453 3062 Teucrorumque
477 2979 571 3062 alios,
594 2982 662 3042 ater
686 2999 766 3062 quos
790 2996 926 3060 aequore
949 2975 1046 3039 turbo

196 3077 372 3160 dispulerat
395 3075 587 3159 penitusque
610 3076 688 3139 alias
713 3078 860 3139 avexerat
884 3095 964 3138 oras.

197 3173 356 3257 obstipuit
380 3173 476 3236 simul
497 3173 582 3258 ipse,
605 3173 701 3237 simul
723 3193 893 3256 percussus
916 3170 1055 3234 Achates

196 3271 382 3355 laetitiaque
404 3274 570 3354 metuque:
595 3271 679 3334 avidi
702 3271 895 3353 coniungere
919 3269 1046 3331 dextras

153 3420 156 3424 A
197 3369 365 3454 ardebant,
387 3367 442 3431 sed
464 3390 514 3431 res
539 3368 662 3432 animos
685 3367 849 3451 incognita
872 3366 991 3429 turbat.
1152 3382 1204 3432 015

167 3527 169 3531 ,
196 3467 400 3531 dissimulant
423 3469 455 3528 et
477 3466 562 3529 nube
585 3487 661 3530 cava
685 3465 889 3548 speculantur
912 3463 1034 3548 amicti,
