2612 3964
211 220 275 284 130
541 219 691 275 VERGILI
709 221 841 274 AENEIS
860 221 885 274 ll

210 381 390 464 corripiunt
414 383 573 466 spirisque
595 382 699 466 ligant
722 381 917 468 ingentibus,
940 386 972 445 et
994 382 1060 446 iam

210 478 261 542 bis
284 479 424 542 medium
447 480 598 566 amplexi,
621 478 672 541 bis
695 478 777 542 collo
802 501 953 562 squamea
976 479 1096 542 circum

210 578 303 659 terga
326 575 392 638 dati
416 580 569 659 superant
592 574 696 658 capite
719 578 751 637 et
774 575 949 639 cervicibus
974 575 1057 640 altis.

210 671 266 735 ille
289 672 385 736 simul
407 673 555 737 manibus
578 671 682 736 tendit
705 671 852 735 divellere
874 672 977 736 nodos
1170 691 1222 738 220

211 769 358 851 perfusus
383 769 470 833 sanie
492 762 592 833 vittas
616 773 750 851 atroque
772 790 907 854 venenu,

171 897 174 902 ·
211 865 364 929 clamores
389 865 485 928 simul
507 865 683 928 horrendos
707 865 747 928 ad
770 865 874 929 sidera
895 866 998 953 tollit,

212 962 316 1044 qualis
339 963 498 1047 mqgitus‚
520 961 606 1046 fugit
629 977 701 1026 cum
724 961 850 1026 saucius
874 985 963 1026 aram

211 1061 323 1122 taurus
347 1063 379 1122 et
402 1059 556 1122 incertam
579 1058 719 1122 excussit
742 1059 861 1122 cervice
878 1059 1029 1124 securim.

212 1157 245 1216 at
268 1156 388 1238 gemini
410 1156 504 1239 lapsu
526 1155 658 1218 delubra
681 1155 720 1218 ad
744 1177 868 1218 summa
891 1156 1042 1219 dracones
1171 1175 1223 1221 225

211 1250 369 1334 effugiunt
393 1273 568 1336 saevaeque
590 1256 706 1335 petunt
729 1251 906 1316 Tritonidis
930 1275 1047 1338 arcem,

212 1347 272 1410 sub
295 1348 493 1432 pedibusque
516 1349 591 1413 deae
614 1349 771 1432 clipeique
795 1349 854 1412 sub
879 1349 955 1413 orbe
978 1353 1143 1434 teguntur.

212 1447 282 1506 tum
305 1466 379 1508 vero
403 1449 503 1509 treme
526 1447 610 1509 facta
631 1467 733 1510 novos
757 1467 814 1529 per
836 1450 966 1528 pectora
989 1447 1114 1511 cunctis

212 1525 355 1604 insimiat
377 1564 490 1628 pavor,
513 1547 545 1606 et
568 1542 670 1605 scelus
694 1542 880 1626 expendisse
903 1548 1079 1607 merentem

212 1635 395 1702 Laocoonta
417 1639 539 1725 ferunt,
561 1661 686 1702 sacrum
709 1639 765 1722 qui
788 1639 917 1721 cuspide
939 1640 1039 1704 robur
1172 1660 1223 1708 230

212 1733 349 1798 laeserit·
364 1740 395 1799 et
419 1740 510 1820 tergo
535 1735 721 1800 sceleratam
743 1735 909 1800 intorserit
931 1736 1067 1802 hastam.

213 1829 389 1896 ducendum
412 1833 451 1896 ad
474 1834 562 1897 sedes
587 1833 790 1896 simulacrum
814 1833 995 1918 orandaque
1018 1835 1110 1900 divae

212 1929 344 1992 numina
366 1930 573 1994 conclamant.

213 2023 383 2088 dividimus
406 2048 515 2090 muros
538 2029 571 2089 et
592 2025 719 2090 moenia
742 2027 910 2108 pandimus
933 2026 1033 2092 urbis.

214 2121 383 2206 accingunt
407 2144 515 2186 omnes
539 2122 627 2204 operi
650 2121 847 2206 pedibusque
869 2125 1015 2186 rotarum
1172 2144 1224 2192 235

214 2218 377 2282 subiciunt
399 2220 508 2303 lapsus
532 2223 564 2282 ct
588 2222 723 2302 stuppea
744 2219 871 2284 vincula
894 2219 976 2282 collo

213 2316 391 2380 intendunt.
440 2315 563 2379 scandit
585 2315 694 2380 fatalis
717 2315 864 2379 machina
883 2337 995 2380 muros

213 2414 279 2477 feta
303 2413 408 2478 armis.
453 2413 544 2496 pueri
567 2413 685 2476 circum
708 2413 924 2496 innuptaeque
946 2412 1071 2496 puellae

215 2533 303 2575 sacra
326 2513 444 2574 canunt
466 2510 637 2593 funemque
659 2531 756 2573 mauu
779 2509 963 2594 contingere
986 2512 1138 2594 gaudent.

213 2609 269 2671 illa
293 2607 381 2671 subit
403 2607 586 2691 mediaeque
609 2607 735 2669 minans
758 2607 914 2670 inlabitur
937 2607 1019 2672 urbi.
1129 2676 1135 2686 ,
1174 2630 1226 2678 240

215 2729 233 2769 o
257 2706 375 2790 patria,
398 2727 416 2768 o
441 2705 547 2768 divom
570 2704 681 2768 domus
705 2703 801 2766 llium
824 2707 856 2766 et
879 2704 1001 2768 incluta
1023 2705 1126 2771 bello'

214 2802 340 2866 moenia
361 2800 591 2864 Dardanidum!
615 2805 728 2882 quater
749 2801 821 2884 ipso
844 2801 880 2864 in
901 2801 1011 2865 limine
1034 2809 1150 2888 portae

216 2899 364 2963 substitit
387 2903 482 2983 atque
505 2903 596 2962 utero
620 2897 763 2961 sonitum
786 2902 900 2980 quater
923 2921 1011 2962 arma
1034 2901 1164 2967 dedere:

215 2996 372 3060 instamus
395 3000 503 3059 tamen
524 2995 714 3058 inmemores
738 2995 883 3078 caecique
905 2995 1014 3060 furore

216 3098 247 3157 et
270 3097 450 3156 monstrum
472 3092 583 3156 infelix
607 3095 730 3154 sacrata
753 3091 898 3156 sistimus
922 3115 1001 3157 aree.
1174 3115 1228 3163 245

215 3194 293 3254 tunc
315 3189 412 3253 etiam
434 3188 510 3252 fatis
534 3189 637 3272 aperit
661 3187 839 3252 Cassandra
861 3190 980 3254 futuris

217 3310 273 3351 ora
295 3287 345 3350 dei
368 3286 458 3350 iussu
479 3308 547 3349 non
568 3308 720 3369 umquam
735 3285 862 3350 credita
885 3285 1029 3352 Teucris:

215 3407 275 3448 nos
299 3383 431 3454 delubra
453 3383 547 3446 deum
568 3383 692 3468 miseri,
715 3382 831 3465 quibus
855 3383 988 3448 ultimus
1012 3389 1098 3450 esset

217 3482 271 3544 ille
294 3481 376 3566 dies,
397 3480 480 3542 festa
502 3479 643 3544 velamus
666 3479 778 3544 fronde
801 3501 857 3563 per
880 3480 1000 3544 urbem.
