2576 3970
217 215 282 280 194
551 216 698 272 VERGILI
715 217 848 274 AENEIS
868 221 891 271 V

216 399 344 462 quoque
366 382 469 465 vocat,
491 383 652 443 vertamus
675 380 745 444 iter.
790 402 849 445 nec
871 381 968 445 litora
991 381 1087 467 longe

215 475 280 538 fida
301 497 374 540 reor
397 477 538 541 fraterna
560 477 674 560 Erycis
697 481 875 560 portusque
899 475 1041 563 Sicanos,

217 573 245 635 si
268 573 362 636 modo
386 573 449 636 rite
470 595 592 637 mernor
616 577 742 637 servata
765 574 915 638 remetior
939 575 1046 639 astra?

216 671 287 731 tum
310 667 383 750 pius
405 667 530 732 Aeneas
555 669 711 752 ‘equidem
736 670 781 733 sic
804 691 934 752 poscere
956 675 1071 734 ventos

217 764 392 828 iandudum
415 769 447 828 et
469 765 591 828 frustra
614 786 708 829 cerno
731 769 764 829 te
786 766 915 831 tendere
938 771 1058 831 contra.

217 861 309 925 flecte
332 861 417 925 viam
440 861 527 925 velis.
574 883 615 925 an
638 863 681 925 sit
703 861 784 926 mihi
807 862 931 946 gratior
953 863 1029 949 ulla,

219 979 322 1041 quove
344 959 447 1042 magis
470 959 572 1021 fessas
596 963 704 1042 optem
726 958 895 1022 demittere
916 960 1019 1047 navis,

219 1077 315 1140 quam
339 1077 419 1138 quae
441 1053 639 1119 Dardanium
661 1055 758 1120 tellus
781 1055 862 1120 mihi
885 1060 992 1121 servat
1014 1055 1152 1121 Acesten
1190 1074 1219 1120 3⁰
1268 1045 1269 1058 ³

219 1157 251 1217 et
273 1154 375 1237 patris
398 1151 558 1216 Anchisae
581 1152 703 1236 granno
727 1153 949 1236 complectitur
972 1154 1080 1218 ossa?'

218 1249 296 1314 haee
318 1249 375 1314 ubi
398 1249 492 1336 dicta,
514 1253 628 1333 petunt
650 1253 775 1334 portua,
798 1253 830 1314 et
853 1250 923 1314 vela
947 1250 1076 1314 secundi

218 1347 388 1410 intendunt
412 1346 555 1430 zephyri:
579 1348 682 1412 fertur
705 1347 769 1411 cita
792 1347 921 1430 gurgite
944 1347 1066 1433 classis,

219 1448 252 1508 et
273 1445 402 1510 tandem
424 1443 502 1508 laeti
523 1447 620 1508 notae
643 1444 854 1508 advertuntur
876 1443 1021 1509 harenae.

263 1540 308 1606 At
330 1541 444 1626 procul
465 1563 504 1605 ex
527 1541 610 1606 celso
633 1543 769 1610 miratus
793 1541 910 1606 vertiee
932 1541 1054 1606 montis
1192 1558 1221 1606 35

118 1627 122 1642 ¹
220 1637 390 1702 adventum
415 1637 581 1720 sociasque
603 1641 689 1700 rates
714 1637 851 1700 occurrit
874 1635 1016 1723 Acestes,

219 1735 368 1799 horridus
391 1735 426 1798 in
447 1734 560 1798 iaculis
584 1738 615 1798 et
638 1733 720 1816 pelle
743 1732 921 1816 Libystidis
944 1756 1047 1820 ursae,

220 1832 317 1896 Troia
341 1830 467 1896 Criniso
492 1835 679 1914 conceptum
702 1829 833 1896 flumine
856 1835 958 1894 mater

221 1951 315 2012 quem
337 1929 457 2014 genuit.
503 1932 648 1992 veterum
669 1949 736 1991 non
758 1927 925 1991 immemor
947 1927 1002 1991 ille
1025 1934 1194 2012 parentum

220 2029 366 2110 gratatur
389 2025 518 2088 reduces
543 2027 574 2087 et
598 2044 676 2107 gaza
698 2024 801 2087 laetus
825 2024 945 2108 agresti
1191 2045 1224 2092 4ο
1271 1980 1272 2068 l

220 2123 338 2206 excipit
361 2143 398 2186 ao
419 2121 523 2185 fessos
547 2121 663 2204 opibus
687 2121 811 2185 solatur
834 2121 952 2185 amieis.

264 2221 397 2284 Postera
420 2241 491 2282 cum
514 2220 619 2302 primo
644 2219 753 2282 stellas
778 2215 908 2281 Oriente
930 2218 1061 2303 fugarat

220 2320 305 2383 clara
327 2318 404 2402 dies,
428 2316 530 2380 socios
553 2316 588 2379 in
611 2319 737 2379 coetum
758 2315 854 2378 litore
877 2315 916 2379 ab
941 2317 1029 2380 omni

221 2418 353 2481 advocat
376 2414 500 2477 Aeneas
524 2413 704 2496 tumulique
728 2434 766 2476 ex
789 2433 906 2496 aggere
929 2413 1029 2477 fatur:

221 2511 433 2577 ‘Dardanidae
454 2509 573 2594 magni,
596 2531 695 2593 genus
720 2509 785 2572 alto
810 2533 828 2573 a
851 2511 1007 2593 sanguine
1029 2511 1148 2600 divom,
1193 2531 1225 2576 45

221 2631 345 2674 annuus
369 2607 489 2671 exactis
513 2607 690 2689 completur
712 2607 876 2670 mensibus
901 2606 999 2692 orbis,

222 2730 260 2772 ex
284 2727 346 2790 quo
370 2704 522 2787 reliquias
546 2703 708 2786 divinique
733 2725 806 2767 ossa
828 2703 971 2785 parentis

221 2803 418 2870 condidimus
442 2805 528 2863 terra
550 2805 752 2882 maestasque
776 2799 969 2864 sacravimus
993 2822 1073 2865 aras.

221 2904 348 2984 iamque
371 2899 447 2983 dies,
469 2897 533 2960 nisi
556 2898 660 2982 fallor,
684 2897 782 2981 adest,
806 2919 901 2980 quem
923 2918 1047 2980 semper
1072 2900 1227 2986 acerbum,

222 3018 345 3080 semper
367 2995 561 3058 honoratum
584 2990 645 3079 (sic
668 2993 699 3056 di
722 2991 887 3078 voluistis)
909 2991 1044 3062 habebo
1195 3017 1226 3062 50

220 3097 306 3162 hunc
329 3113 388 3177 ego
413 3090 558 3156 Gaetulis
582 3111 708 3174 agerem
731 3090 759 3154 si
783 3087 933 3173 Syrtibus
957 3091 1032 3154 exul

220 3191 413 3278 Argolicove
435 3189 517 3252 mari
540 3188 712 3271 deprensus
736 3191 769 3251 et
791 3187 871 3250 urbe
893 3187 1055 3273 Mycenae,

222 3313 328 3357 annua
349 3291 426 3351 vota
448 3289 556 3348 tamen
579 3285 806 3368 sollemnisque
830 3285 938 3348 ordine
961 3307 1097 3370 pompas

222 3406 393 3471 exequerer
417 3386 636 3466 strueremque
660 3382 726 3445 suis
750 3383 864 3446 altaria
887 3382 987 3446 donis.

218 3505 306 3552 nunc
328 3482 414 3546 ultro
439 3479 477 3542 ad
500 3480 618 3546 cineres
642 3478 744 3562 ipsius
768 3484 800 3543 et
823 3501 896 3544 ossa
917 3479 1060 3562 parentis
1196 3501 1226 3546 55
