<?xml version="1.0" encoding="UTF-8"?>
<!DOCTYPE html PUBLIC "-//W3C//DTD XHTML 1.0 Transitional//EN"
    "http://www.w3.org/TR/xhtml1/DTD/xhtml1-transitional.dtd">
<html xmlns="http://www.w3.org/1999/xhtml" xml:lang="en" lang="en">
 <head>
  <title>
</title>
<meta http-equiv="Content-Type" content="text/html;charset=utf-8" />
  <meta name='ocr-system' content='tesseract 3.04.00' />
  <meta name='ocr-capabilities' content='ocr_page ocr_carea ocr_par ocr_line ocrx_word'/>
</head>
<body>
  <div class='ocr_page' id='page_1' title='image "./pvergilimaronis11virggoog/pvergilimaronis11virggoog_0020.png"; bbox 0 0 2580 3962; ppageno 0'>
   <div class='ocr_carea' id='block_1_1' title="bbox 275 263 1079 336">
    <p class='ocr_par' dir='ltr' id='par_1_1' title="bbox 275 263 1079 336">
     <span class='ocr_line' id='line_1_1' title="bbox 275 263 1079 336; baseline 0 -20"><span class='ocrx_word' id='word_1_1' title='bbox 275 263 305 317; x_wconf 92' lang='lat' dir='ltr'>P.</span> <span class='ocrx_word' id='word_1_2' title='bbox 324 263 472 318; x_wconf 76' lang='lat' dir='ltr'>venant</span> <span class='ocrx_word' id='word_1_3' title='bbox 491 264 655 318; x_wconf 83' lang='lat' dir='ltr'>MARONIS</span> <span class='ocrx_word' id='word_1_4' title='bbox 675 264 871 319; x_wconf 85' lang='lat' dir='ltr'>NARRATIO.</span> <span class='ocrx_word' id='word_1_5' title='bbox 1040 263 1079 336; x_wconf 71' lang='lat' dir='ltr'>rx</span> 
     </span>
    </p>
   </div>
   <div class='ocr_carea' id='block_1_2' title="bbox 72 424 1080 1094">
    <p class='ocr_par' dir='ltr' id='par_1_2' title="bbox 72 424 1080 704">
     <span class='ocr_line' id='line_1_2' title="bbox 73 424 1079 511; baseline 0 -23"><span class='ocrx_word' id='word_1_6' title='bbox 73 425 190 488; x_wconf 85' lang='lat' dir='ltr'>solibus</span> <span class='ocrx_word' id='word_1_7' title='bbox 221 424 339 508; x_wconf 89' lang='lat' dir='ltr'>quibus</span> <span class='ocrx_word' id='word_1_8' title='bbox 367 429 462 489; x_wconf 91' lang='lat' dir='ltr'>natus</span> <span class='ocrx_word' id='word_1_9' title='bbox 490 429 571 509; x_wconf 86' lang='lat' dir='ltr'>erat,</span> <span class='ocrx_word' id='word_1_10' title='bbox 606 427 655 490; x_wconf 88' lang='lat' dir='ltr'>die</span> <span class='ocrx_word' id='word_1_11' title='bbox 682 427 783 490; x_wconf 87' lang='lat' dir='ltr'>natali</span> <span class='ocrx_word' id='word_1_12' title='bbox 812 449 884 511; x_wconf 88' lang='lat' dir='ltr'>suo,</span> <span class='ocrx_word' id='word_1_13' title='bbox 917 448 979 510; x_wconf 89' lang='lat' dir='ltr'>quo</span> <span class='ocrx_word' id='word_1_14' title='bbox 1008 425 1079 510; x_wconf 90' lang='lat' dir='ltr'>ipso</span> 
     </span>
     <span class='ocr_line' id='line_1_3' title="bbox 72 522 1080 608; baseline 0.002 -24"><span class='ocrx_word' id='word_1_15' title='bbox 72 522 236 586; x_wconf 83' lang='lat' dir='ltr'>Lucretius</span> <span class='ocrx_word' id='word_1_16' title='bbox 260 526 357 606; x_wconf 90' lang='lat' dir='ltr'>poeta</span> <span class='ocrx_word' id='word_1_17' title='bbox 374 523 441 586; x_wconf 85' lang='lat' dir='ltr'>vita</span> <span class='ocrx_word' id='word_1_18' title='bbox 465 523 607 606; x_wconf 75' lang='lat' dir='ltr'><strong>decessit,</strong></span> <span class='ocrx_word' id='word_1_19' title='bbox 631 529 708 608; x_wconf 84' lang='lat' dir='ltr'>toga</span> <span class='ocrx_word' id='word_1_20' title='bbox 726 522 845 607; x_wconf 80' lang='lat' dir='ltr'>virili1)</span> <span class='ocrx_word' id='word_1_21' title='bbox 864 523 1080 587; x_wconf 75' lang='lat' dir='ltr'><strong>Mediolanum</strong></span> 
     </span>
     <span class='ocr_line' id='line_1_4' title="bbox 72 615 1079 704; baseline 0 -22"><span class='ocrx_word' id='word_1_22' title='bbox 72 625 288 703; x_wconf 82' lang='lat' dir='ltr'>transgressus</span> <span class='ocrx_word' id='word_1_23' title='bbox 316 619 412 702; x_wconf 91' lang='lat' dir='ltr'>paulo</span> <span class='ocrx_word' id='word_1_24' title='bbox 440 623 514 702; x_wconf 86' lang='lat' dir='ltr'>post</span> <span class='ocrx_word' id='word_1_25' title='bbox 542 641 624 684; x_wconf 90' lang='lat' dir='ltr'>anno</span> <span class='ocrx_word' id='word_1_26' title='bbox 651 617 768 703; x_wconf 67' lang='grc'>701153</span> <span class='ocrx_word' id='word_1_27' title='bbox 791 617 928 682; x_wconf 83' lang='lat' dir='ltr'>Romam</span> <span class='ocrx_word' id='word_1_28' title='bbox 951 619 1038 683; x_wconf 81' lang='lat' dir='ltr'>venit</span> <span class='ocrx_word' id='word_1_29' title='bbox 1056 615 1079 704; x_wconf 67' lang='lat' dir='ltr'>l.</span> 
     </span>
    </p>

    <p class='ocr_par' dir='ltr' id='par_1_3' title="bbox 72 715 1080 1094">
     <span class='ocr_line' id='line_1_5' title="bbox 131 715 1080 800; baseline -0.001 -21"><span class='ocrx_word' id='word_1_30' title='bbox 131 716 184 780; x_wconf 91' lang='lat' dir='ltr'>lbi</span> <span class='ocrx_word' id='word_1_31' title='bbox 207 715 349 800; x_wconf 90' lang='lat' dir='ltr'>primum</span> <span class='ocrx_word' id='word_1_32' title='bbox 368 715 560 780; x_wconf 72' lang='lat' dir='ltr'><strong>rhetoricam</strong></span> <span class='ocrx_word' id='word_1_33' title='bbox 580 717 720 780; x_wconf 87' lang='lat' dir='ltr'>exercuit</span> <span class='ocrx_word' id='word_1_34' title='bbox 739 716 824 799; x_wconf 87' lang='lat' dir='ltr'>apud</span> <span class='ocrx_word' id='word_1_35' title='bbox 841 717 994 798; x_wconf 64' lang='lat' dir='ltr'>Epidicum</span> <span class='ocrx_word' id='word_1_36' title='bbox 1013 737 1080 780; x_wconf 88' lang='lat' dir='ltr'>ora·</span> 
     </span>
     <span class='ocr_line' id='line_1_6' title="bbox 72 811 1079 898; baseline -0.001 -23"><span class='ocrx_word' id='word_1_37' title='bbox 72 811 218 898; x_wconf 62' lang='lat' dir='ltr'>toremss),</span> <span class='ocrx_word' id='word_1_38' title='bbox 251 835 347 897; x_wconf 91' lang='lat' dir='ltr'>quem</span> <span class='ocrx_word' id='word_1_39' title='bbox 378 818 504 897; x_wconf 88' lang='lat' dir='ltr'>praeter</span> <span class='ocrx_word' id='word_1_40' title='bbox 537 813 617 877; x_wconf 84' lang='lat' dir='ltr'>alios</span> <span class='ocrx_word' id='word_1_41' title='bbox 645 813 686 876; x_wconf 89' lang='lat' dir='ltr'>M.</span> <span class='ocrx_word' id='word_1_42' title='bbox 710 812 846 876; x_wconf 76' lang='lat' dir='ltr'>Antonii</span> <span class='ocrx_word' id='word_1_43' title='bbox 875 817 906 876; x_wconf 90' lang='lat' dir='ltr'>et</span> <span class='ocrx_word' id='word_1_44' title='bbox 935 811 1079 877; x_wconf 79' lang='lat' dir='ltr'>Caesaris</span> 
     </span>
     <span class='ocr_line' id='line_1_7' title="bbox 72 907 1080 994; baseline -0.002 -21"><span class='ocrx_word' id='word_1_45' title='bbox 72 908 237 974; x_wconf 83' lang='lat' dir='ltr'>Octaviani</span> <span class='ocrx_word' id='word_1_46' title='bbox 261 914 500 994; x_wconf 75' lang='lat' dir='ltr'>praeceptorem</span> <span class='ocrx_word' id='word_1_47' title='bbox 523 909 622 974; x_wconf 84' lang='lat' dir='ltr'>inisse</span> <span class='ocrx_word' id='word_1_48' title='bbox 646 931 717 972; x_wconf 89' lang='lat' dir='ltr'>eum</span> <span class='ocrx_word' id='word_1_49' title='bbox 741 909 886 973; x_wconf 87' lang='lat' dir='ltr'>adfirmet</span> <span class='ocrx_word' id='word_1_50' title='bbox 906 907 1080 974; x_wconf 74' lang='lat' dir='ltr'>Suetonius</span> 
     </span>
     <span class='ocr_line' id='line_1_8' title="bbox 72 1003 1080 1094; baseline -0.002 -23"><span class='ocrx_word' id='word_1_51' title='bbox 72 1009 106 1071; x_wconf 89' lang='lat' dir='ltr'>de</span> <span class='ocrx_word' id='word_1_52' title='bbox 128 1029 262 1092; x_wconf 82' lang='lat' dir='ltr'>gramm.</span> <span class='ocrx_word' id='word_1_53' title='bbox 287 1011 318 1070; x_wconf 91' lang='lat' dir='ltr'>et</span> <span class='ocrx_word' id='word_1_54' title='bbox 342 1006 422 1071; x_wconf 89' lang='lat' dir='ltr'>rhet.</span> <span class='ocrx_word' id='word_1_55' title='bbox 447 1007 488 1071; x_wconf 84' lang='lat'>28</span> <span class='ocrx_word' id='word_1_56' title='bbox 513 1004 577 1094; x_wconf 79' lang='lat'>(4),</span> <span class='ocrx_word' id='word_1_57' title='bbox 599 1027 667 1070; x_wconf 92' lang='lat' dir='ltr'>non</span> <span class='ocrx_word' id='word_1_58' title='bbox 689 1005 893 1089; x_wconf 82' lang='lat' dir='ltr'>improbabile</span> <span class='ocrx_word' id='word_1_59' title='bbox 916 1010 965 1070; x_wconf 90' lang='lat' dir='ltr'>est</span> <span class='ocrx_word' id='word_1_60' title='bbox 989 1003 1080 1070; x_wconf 86' lang='lat' dir='ltr'>Octa·</span> 
     </span>
    </p>
   </div>
   <div class='ocr_carea' id='block_1_3' title="bbox 34 1102 1082 2160">
    <p class='ocr_par' dir='ltr' id='par_1_4' title="bbox 34 1102 1081 1772">
     <span class='ocr_line' id='line_1_9' title="bbox 70 1102 1080 1188; baseline -0.002 -20"><span class='ocrx_word' id='word_1_61' title='bbox 70 1105 161 1168; x_wconf 84' lang='lat' dir='ltr'>riano</span> <span class='ocrx_word' id='word_1_62' title='bbox 184 1105 251 1168; x_wconf 88' lang='lat' dir='ltr'>iam</span> <span class='ocrx_word' id='word_1_63' title='bbox 273 1109 344 1168; x_wconf 90' lang='lat' dir='ltr'>tum</span> <span class='ocrx_word' id='word_1_64' title='bbox 366 1104 418 1168; x_wconf 86' lang='lat' dir='ltr'>vel</span> <span class='ocrx_word' id='word_1_65' title='bbox 440 1105 536 1188; x_wconf 89' lang='lat' dir='ltr'>paulo</span> <span class='ocrx_word' id='word_1_66' title='bbox 560 1108 635 1188; x_wconf 92' lang='lat' dir='ltr'>post</span> <span class='ocrx_word' id='word_1_67' title='bbox 659 1102 886 1167; x_wconf 88' lang='lat' dir='ltr'>consuetudine</span> <span class='ocrx_word' id='word_1_68' title='bbox 909 1103 1016 1186; x_wconf 89' lang='lat' dir='ltr'>aliqua</span> <span class='ocrx_word' id='word_1_69' title='bbox 1034 1104 1080 1166; x_wconf 90' lang='lat' dir='ltr'>in-</span> 
     </span>
     <span class='ocr_line' id='line_1_10' title="bbox 69 1200 1081 1284; baseline -0.001 -20"><span class='ocrx_word' id='word_1_70' title='bbox 69 1200 214 1265; x_wconf 88' lang='lat' dir='ltr'>notuisse</span> <span class='ocrx_word' id='word_1_71' title='bbox 246 1201 487 1266; x_wconf 87' lang='lat' dir='ltr'>adulescentem.</span> <span class='ocrx_word' id='word_1_72' title='bbox 530 1202 585 1265; x_wconf 87' lang='lat' dir='ltr'>sed</span> <span class='ocrx_word' id='word_1_73' title='bbox 617 1201 656 1264; x_wconf 89' lang='lat' dir='ltr'>ad</span> <span class='ocrx_word' id='word_1_74' title='bbox 691 1201 830 1264; x_wconf 85' lang='lat' dir='ltr'>forensia</span> <span class='ocrx_word' id='word_1_75' title='bbox 864 1201 994 1284; x_wconf 81' lang='lat' dir='ltr'>negotia</span> <span class='ocrx_word' id='word_1_76' title='bbox 1030 1201 1081 1264; x_wconf 83' lang='lat' dir='ltr'>vel</span> 
     </span>
     <span class='ocr_line' id='line_1_11' title="bbox 70 1297 1081 1382; baseline -0.002 -20"><span class='ocrx_word' id='word_1_77' title='bbox 70 1299 212 1382; x_wconf 87' lang='lat' dir='ltr'>eorporis</span> <span class='ocrx_word' id='word_1_78' title='bbox 235 1297 456 1362; x_wconf 76' lang='lat' dir='ltr'>imbecillitate</span> <span class='ocrx_word' id='word_1_79' title='bbox 479 1297 610 1362; x_wconf 87' lang='lat' dir='ltr'>minime</span> <span class='ocrx_word' id='word_1_80' title='bbox 632 1302 746 1362; x_wconf 91' lang='lat' dir='ltr'>natum</span> <span class='ocrx_word' id='word_1_81' title='bbox 770 1297 947 1381; x_wconf 77' lang='lat' dir='ltr'>‘felicitas&#39;‚</span> <span class='ocrx_word' id='word_1_82' title='bbox 975 1301 1012 1360; x_wconf 85' lang='lat' dir='ltr'>ut</span> <span class='ocrx_word' id='word_1_83' title='bbox 1036 1297 1081 1360; x_wconf 85' lang='lat' dir='ltr'>ait</span> 
     </span>
     <span class='ocr_line' id='line_1_12' title="bbox 34 1392 1081 1483; baseline -0.001 -24"><span class='ocrx_word' id='word_1_84' title='bbox 34 1403 40 1422; x_wconf 81' lang='lat'>⁸</span> <span class='ocrx_word' id='word_1_85' title='bbox 71 1392 230 1482; x_wconf 50' lang='lat' dir='ltr'>Seneca),</span> <span class='ocrx_word' id='word_1_86' title='bbox 256 1394 392 1483; x_wconf 77' lang='lat' dir='ltr'>‘ingenii</span> <span class='ocrx_word' id='word_1_87' title='bbox 410 1395 446 1456; x_wconf 90' lang='lat' dir='ltr'>in</span> <span class='ocrx_word' id='word_1_88' title='bbox 465 1395 609 1459; x_wconf 88' lang='lat' dir='ltr'>oratione</span> <span class='ocrx_word' id='word_1_89' title='bbox 633 1395 738 1459; x_wconf 89' lang='lat' dir='ltr'>soluta</span> <span class='ocrx_word' id='word_1_90' title='bbox 759 1395 916 1480; x_wconf 60' lang='lat' dir='ltr'>reliquit,</span> <span class='ocrx_word' id='word_1_91' title='bbox 939 1395 1081 1459; x_wconf 86' lang='lat' dir='ltr'>tardissi-</span> 
     </span>
     <span class='ocr_line' id='line_1_13' title="bbox 69 1488 1080 1578; baseline -0.001 -22"><span class='ocrx_word' id='word_1_92' title='bbox 69 1515 156 1556; x_wconf 90' lang='lat' dir='ltr'>mum</span> <span class='ocrx_word' id='word_1_93' title='bbox 189 1491 288 1556; x_wconf 86' lang='lat' dir='ltr'>etiam</span> <span class='ocrx_word' id='word_1_94' title='bbox 319 1493 355 1555; x_wconf 93' lang='lat' dir='ltr'>in</span> <span class='ocrx_word' id='word_1_95' title='bbox 384 1513 529 1555; x_wconf 89' lang='lat' dir='ltr'>sermone</span> <span class='ocrx_word' id='word_1_96' title='bbox 554 1513 593 1556; x_wconf 84' lang='lat' dir='ltr'>ac</span> <span class='ocrx_word' id='word_1_97' title='bbox 619 1513 719 1575; x_wconf 88' lang='lat' dir='ltr'>paene</span> <span class='ocrx_word' id='word_1_98' title='bbox 747 1492 875 1556; x_wconf 87' lang='lat' dir='ltr'>indocto</span> <span class='ocrx_word' id='word_1_99' title='bbox 903 1492 1037 1556; x_wconf 86' lang='lat' dir='ltr'>similem</span> <span class='ocrx_word' id='word_1_100' title='bbox 1045 1488 1080 1578; x_wconf 82' lang='lat'>⁵).</span> 
     </span>
     <span class='ocr_line' id='line_1_14' title="bbox 70 1589 1081 1674; baseline 0 -22"><span class='ocrx_word' id='word_1_101' title='bbox 70 1610 144 1674; x_wconf 82' lang='lat' dir='ltr'>ergo</span> <span class='ocrx_word' id='word_1_102' title='bbox 168 1611 298 1652; x_wconf 88' lang='lat' dir='ltr'>causam</span> <span class='ocrx_word' id='word_1_103' title='bbox 321 1590 405 1672; x_wconf 88' lang='lat' dir='ltr'>apud</span> <span class='ocrx_word' id='word_1_104' title='bbox 428 1589 548 1652; x_wconf 88' lang='lat' dir='ltr'>iudices</span> <span class='ocrx_word' id='word_1_105' title='bbox 573 1611 670 1652; x_wconf 90' lang='lat' dir='ltr'>unam</span> <span class='ocrx_word' id='word_1_106' title='bbox 694 1590 824 1652; x_wconf 90' lang='lat' dir='ltr'>omnino</span> <span class='ocrx_word' id='word_1_107' title='bbox 848 1590 915 1673; x_wconf 84' lang='lat' dir='ltr'>egit</span> <span class='ocrx_word' id='word_1_108' title='bbox 937 1611 995 1653; x_wconf 89' lang='lat' dir='ltr'>neo</span> <span class='ocrx_word' id='word_1_109' title='bbox 1018 1613 1081 1652; x_wconf 91' lang='lat' dir='ltr'>am-</span> 
     </span>
     <span class='ocr_line' id='line_1_15' title="bbox 69 1683 589 1772; baseline -0.002 -23"><span class='ocrx_word' id='word_1_110' title='bbox 69 1687 153 1770; x_wconf 88' lang='lat' dir='ltr'>plius</span> <span class='ocrx_word' id='word_1_111' title='bbox 178 1708 275 1770; x_wconf 86' lang='lat' dir='ltr'>quam</span> <span class='ocrx_word' id='word_1_112' title='bbox 299 1683 437 1772; x_wconf 64' lang='lat' dir='ltr'>semelss).</span> <span class='ocrx_word' id='word_1_113' title='bbox 586 1753 589 1758; x_wconf 58' lang='grc'>,</span> 
     </span>
    </p>

    <p class='ocr_par' dir='ltr' id='par_1_5' title="bbox 71 1781 1082 2160">
     <span class='ocr_line' id='line_1_16' title="bbox 135 1781 1081 1868; baseline 0 -22"><span class='ocrx_word' id='word_1_114' title='bbox 135 1781 206 1858; x_wconf 77' lang='lat' dir='ltr'>Quo</span> <span class='ocrx_word' id='word_1_115' title='bbox 225 1783 345 1846; x_wconf 89' lang='lat' dir='ltr'>maiore</span> <span class='ocrx_word' id='word_1_116' title='bbox 364 1783 511 1847; x_wconf 86' lang='lat' dir='ltr'>incensus</span> <span class='ocrx_word' id='word_1_117' title='bbox 531 1782 706 1865; x_wconf 88' lang='lat' dir='ltr'>eupiditate</span> <span class='ocrx_word' id='word_1_118' title='bbox 725 1787 859 1848; x_wconf 87' lang='lat' dir='ltr'>naturae</span> <span class='ocrx_word' id='word_1_119' title='bbox 879 1803 993 1848; x_wconf 86' lang='lat' dir='ltr'>arcana</span> <span class='ocrx_word' id='word_1_120' title='bbox 1012 1806 1081 1868; x_wconf 88' lang='lat' dir='ltr'>per-</span> 
     </span>
     <span class='ocr_line' id='line_1_17' title="bbox 72 1879 1082 1964; baseline 0.001 -21"><span class='ocrx_word' id='word_1_121' title='bbox 72 1879 232 1946; x_wconf 87' lang='lat' dir='ltr'>scrutandi</span> <span class='ocrx_word' id='word_1_122' title='bbox 257 1880 295 1964; x_wconf 87' lang='lat' dir='ltr'>ad</span> <span class='ocrx_word' id='word_1_123' title='bbox 313 1879 553 1964; x_wconf 88' lang='lat' dir='ltr'>philosophiam</span> <span class='ocrx_word' id='word_1_124' title='bbox 574 1901 606 1942; x_wconf 90' lang='lat' dir='ltr'>se</span> <span class='ocrx_word' id='word_1_125' title='bbox 626 1880 806 1963; x_wconf 82' lang='lat' dir='ltr'>applicavit,</span> <span class='ocrx_word' id='word_1_126' title='bbox 830 1881 985 1964; x_wconf 84' lang='lat' dir='ltr'>magistro</span> <span class='ocrx_word' id='word_1_127' title='bbox 1004 1903 1082 1944; x_wconf 90' lang='lat' dir='ltr'>usus</span> 
     </span>
     <span class='ocr_line' id='line_1_18' title="bbox 72 1974 1081 2063; baseline 0.001 -22"><span class='ocrx_word' id='word_1_128' title='bbox 72 1977 180 2042; x_wconf 85' lang='lat' dir='ltr'>Sirone</span> <span class='ocrx_word' id='word_1_129' title='bbox 202 1977 376 2060; x_wconf 64' lang='lat' dir='ltr'>Epicurea</span> <span class='ocrx_word' id='word_1_130' title='bbox 405 1974 567 2040; x_wconf 80' lang='lat' dir='ltr'>Ciceronis</span> <span class='ocrx_word' id='word_1_131' title='bbox 600 1997 727 2060; x_wconf 89' lang='lat' dir='ltr'>quoque</span> <span class='ocrx_word' id='word_1_132' title='bbox 754 1975 952 2063; x_wconf 68' lang='lat' dir='ltr'>familiaril),</span> <span class='ocrx_word' id='word_1_133' title='bbox 993 1977 1081 2042; x_wconf 90' lang='lat' dir='ltr'>ouius</span> 
     </span>
     <span class='ocr_line' id='line_1_19' title="bbox 71 2071 1082 2160; baseline 0.001 -23"><span class='ocrx_word' id='word_1_134' title='bbox 71 2073 237 2158; x_wconf 86' lang='lat' dir='ltr'>disciplina</span> <span class='ocrx_word' id='word_1_135' title='bbox 259 2095 323 2136; x_wconf 90' lang='lat' dir='ltr'>nna</span> <span class='ocrx_word' id='word_1_136' title='bbox 342 2095 414 2136; x_wconf 90' lang='lat' dir='ltr'>oum</span> <span class='ocrx_word' id='word_1_137' title='bbox 432 2073 574 2154; x_wconf 76' lang='lat' dir='ltr'>Alpheon</span> <span class='ocrx_word' id='word_1_138' title='bbox 594 2073 676 2137; x_wconf 88' lang='lat' dir='ltr'>Varo</span> <span class='ocrx_word' id='word_1_139' title='bbox 695 2073 839 2138; x_wconf 88' lang='lat' dir='ltr'>imbutus</span> <span class='ocrx_word' id='word_1_140' title='bbox 859 2071 947 2160; x_wconf 66' lang='lat' dir='ltr'>esu).</span> <span class='ocrx_word' id='word_1_141' title='bbox 972 2079 1082 2138; x_wconf 85' lang='lat' dir='ltr'>extant</span> 
     </span>
    </p>
   </div>
   <div class='ocr_carea' id='block_1_4' title="bbox 64 2273 1084 3616">
    <p class='ocr_par' dir='ltr' id='par_1_6' title="bbox 142 2273 476 2342">
     <span class='ocr_line' id='line_1_20' title="bbox 142 2273 476 2342; baseline 0 -16"><span class='ocrx_word' id='word_1_142' title='bbox 142 2274 162 2342; x_wconf 90' lang='grc'>1)</span> <span class='ocrx_word' id='word_1_143' title='bbox 181 2273 309 2326; x_wconf 87' lang='lat' dir='ltr'>Donatus</span> <span class='ocrx_word' id='word_1_144' title='bbox 328 2290 355 2342; x_wconf 91' lang='lat' dir='ltr'>p.</span> <span class='ocrx_word' id='word_1_145' title='bbox 371 2276 413 2340; x_wconf 83' lang='lat'>55,</span> <span class='ocrx_word' id='word_1_146' title='bbox 434 2278 476 2326; x_wconf 83' lang='lat'>14.</span> 
     </span>
    </p>

    <p class='ocr_par' dir='ltr' id='par_1_7' title="bbox 67 2343 1083 2836">
     <span class='ocr_line' id='line_1_21' title="bbox 141 2343 1083 2425; baseline 0 -27"><span class='ocrx_word' id='word_1_147' title='bbox 141 2343 162 2414; x_wconf 76' lang='lat'>²)</span> <span class='ocrx_word' id='word_1_148' title='bbox 183 2343 336 2414; x_wconf 79' lang='lat' dir='ltr'>‘Verpilius</span> <span class='ocrx_word' id='word_1_149' title='bbox 353 2351 461 2412; x_wconf 80' lang='lat' dir='ltr'>sunipta</span> <span class='ocrx_word' id='word_1_150' title='bbox 479 2350 543 2425; x_wconf 81' lang='lat' dir='ltr'>topa</span> <span class='ocrx_word' id='word_1_151' title='bbox 557 2343 749 2424; x_wconf 71' lang='lat' dir='ltr'>Mediolanum</span> <span class='ocrx_word' id='word_1_152' title='bbox 767 2344 967 2414; x_wconf 84' lang='lat' dir='ltr'>transpreditur</span> <span class='ocrx_word' id='word_1_153' title='bbox 980 2350 1006 2398; x_wconf 90' lang='lat' dir='ltr'>et</span> <span class='ocrx_word' id='word_1_154' title='bbox 1020 2351 1083 2412; x_wconf 82' lang='lat' dir='ltr'>post</span> 
     </span>
     <span class='ocr_line' id='line_1_22' title="bbox 70 2413 1081 2484; baseline 0 -16"><span class='ocrx_word' id='word_1_155' title='bbox 70 2417 142 2470; x_wconf 83' lang='lat' dir='ltr'>breue</span> <span class='ocrx_word' id='word_1_156' title='bbox 166 2421 272 2483; x_wconf 83' lang='lat' dir='ltr'>tempus</span> <span class='ocrx_word' id='word_1_157' title='bbox 294 2413 411 2468; x_wconf 85' lang='lat' dir='ltr'>Romam</span> <span class='ocrx_word' id='word_1_158' title='bbox 430 2415 534 2484; x_wconf 79' lang='lat' dir='ltr'>perpit’</span> <span class='ocrx_word' id='word_1_159' title='bbox 560 2417 596 2484; x_wconf 83' lang='lat' dir='ltr'>(a.</span> <span class='ocrx_word' id='word_1_160' title='bbox 617 2418 677 2483; x_wconf 78' lang='lat'>701)</span> <span class='ocrx_word' id='word_1_161' title='bbox 701 2415 886 2481; x_wconf 84' lang='lat' dir='ltr'>Hreronymus</span> <span class='ocrx_word' id='word_1_162' title='bbox 911 2413 952 2468; x_wconf 90' lang='lat' dir='ltr'>Ol.</span> <span class='ocrx_word' id='word_1_163' title='bbox 974 2419 1036 2480; x_wconf 82' lang='grc'>181,</span> <span class='ocrx_word' id='word_1_164' title='bbox 1056 2421 1081 2468; x_wconf 88' lang='grc'>4.</span> 
     </span>
     <span class='ocr_line' id='line_1_23' title="bbox 71 2484 1079 2554; baseline -0.002 -14"><span class='ocrx_word' id='word_1_165' title='bbox 71 2485 216 2540; x_wconf 78' lang='lat' dir='ltr'>‘Oremona</span> <span class='ocrx_word' id='word_1_166' title='bbox 238 2484 430 2538; x_wconf 79' lang='lat' dir='ltr'>Mediolanum</span> <span class='ocrx_word' id='word_1_167' title='bbox 453 2491 479 2539; x_wconf 91' lang='lat' dir='ltr'>et</span> <span class='ocrx_word' id='word_1_168' title='bbox 505 2487 569 2540; x_wconf 89' lang='lat' dir='ltr'>inde</span> <span class='ocrx_word' id='word_1_169' title='bbox 588 2487 675 2554; x_wconf 89' lang='lat' dir='ltr'>paulo</span> <span class='ocrx_word' id='word_1_170' title='bbox 699 2491 762 2554; x_wconf 82' lang='lat' dir='ltr'>poet</span> <span class='ocrx_word' id='word_1_171' title='bbox 785 2485 897 2539; x_wconf 79' lang='lat' dir='ltr'>trainiit</span> <span class='ocrx_word' id='word_1_172' title='bbox 923 2485 954 2538; x_wconf 86' lang='grc'>111</span> <span class='ocrx_word' id='word_1_173' title='bbox 976 2486 1079 2540; x_wconf 84' lang='lat' dir='ltr'>inbem’</span> 
     </span>
     <span class='ocr_line' id='line_1_24' title="bbox 68 2554 1082 2625; baseline 0.001 -17"><span class='ocrx_word' id='word_1_174' title='bbox 68 2555 195 2610; x_wconf 87' lang='lat' dir='ltr'>Donatus</span> <span class='ocrx_word' id='word_1_175' title='bbox 210 2573 236 2624; x_wconf 90' lang='lat' dir='ltr'>p.</span> <span class='ocrx_word' id='word_1_176' title='bbox 253 2559 295 2623; x_wconf 80' lang='lat' dir='ltr'>tt,</span> <span class='ocrx_word' id='word_1_177' title='bbox 312 2559 354 2622; x_wconf 79' lang='lat'>17,</span> <span class='ocrx_word' id='word_1_178' title='bbox 373 2554 422 2608; x_wconf 88' lang='lat' dir='ltr'>ubi</span> <span class='ocrx_word' id='word_1_179' title='bbox 436 2555 554 2625; x_wconf 79' lang='lat' dir='ltr'>vulgata</span> <span class='ocrx_word' id='word_1_180' title='bbox 575 2557 733 2624; x_wconf 81' lang='lat' dir='ltr'>‘Neapolim</span> <span class='ocrx_word' id='word_1_181' title='bbox 749 2556 872 2610; x_wconf 82' lang='lat' dir='ltr'>transiit‘</span> <span class='ocrx_word' id='word_1_182' title='bbox 893 2554 987 2608; x_wconf 84' lang='lat' dir='ltr'>habet.</span> <span class='ocrx_word' id='word_1_183' title='bbox 1016 2555 1082 2609; x_wconf 90' lang='lat' dir='ltr'>inde</span> 
     </span>
     <span class='ocr_line' id='line_1_25' title="bbox 68 2625 1082 2696; baseline 0 -16"><span class='ocrx_word' id='word_1_184' title='bbox 68 2627 144 2696; x_wconf 83' lang='lat' dir='ltr'>apud</span> <span class='ocrx_word' id='word_1_185' title='bbox 169 2625 297 2680; x_wconf 84' lang='lat' dir='ltr'>Servium</span> <span class='ocrx_word' id='word_1_186' title='bbox 320 2625 351 2678; x_wconf 90' lang='lat' dir='ltr'>in</span> <span class='ocrx_word' id='word_1_187' title='bbox 373 2625 432 2679; x_wconf 84' lang='lat' dir='ltr'>vita</span> <span class='ocrx_word' id='word_1_188' title='bbox 455 2625 560 2695; x_wconf 85' lang='lat' dir='ltr'>legitur</span> <span class='ocrx_word' id='word_1_189' title='bbox 584 2627 708 2681; x_wconf 77' lang='lat' dir='ltr'>‘diuersis</span> <span class='ocrx_word' id='word_1_190' title='bbox 731 2628 763 2680; x_wconf 90' lang='lat' dir='ltr'>in</span> <span class='ocrx_word' id='word_1_191' title='bbox 786 2627 849 2680; x_wconf 85' lang='lat' dir='ltr'>loeis</span> <span class='ocrx_word' id='word_1_192' title='bbox 868 2642 978 2694; x_wconf 86' lang='lat' dir='ltr'>operam</span> <span class='ocrx_word' id='word_1_193' title='bbox 997 2627 1082 2681; x_wconf 82' lang='lat' dir='ltr'>literis</span> 
     </span>
     <span class='ocr_line' id='line_1_26' title="bbox 67 2696 1082 2765; baseline 0 -15"><span class='ocrx_word' id='word_1_194' title='bbox 67 2699 156 2764; x_wconf 82' lang='lat' dir='ltr'>dedit;</span> <span class='ocrx_word' id='word_1_195' title='bbox 179 2715 246 2751; x_wconf 79' lang='lat' dir='ltr'>nani</span> <span class='ocrx_word' id='word_1_196' title='bbox 265 2703 290 2750; x_wconf 88' lang='lat' dir='ltr'>et</span> <span class='ocrx_word' id='word_1_197' title='bbox 310 2696 454 2752; x_wconf 75' lang='lat' dir='ltr'>Cremonae</span> <span class='ocrx_word' id='word_1_198' title='bbox 472 2705 497 2751; x_wconf 91' lang='lat' dir='ltr'>et</span> <span class='ocrx_word' id='word_1_199' title='bbox 516 2698 672 2752; x_wconf 75' lang='lat' dir='ltr'>Mediolani</span> <span class='ocrx_word' id='word_1_200' title='bbox 690 2705 715 2752; x_wconf 91' lang='lat' dir='ltr'>et</span> <span class='ocrx_word' id='word_1_201' title='bbox 733 2697 853 2765; x_wconf 87' lang='lat' dir='ltr'>Neapoli</span> <span class='ocrx_word' id='word_1_202' title='bbox 870 2698 996 2751; x_wconf 60' lang='grc'>1111111111]</span> <span class='ocrx_word' id='word_1_203' title='bbox 1024 2697 1082 2750; x_wconf 89' lang='lat' dir='ltr'>Me-</span> 
     </span>
     <span class='ocr_line' id='line_1_27' title="bbox 67 2765 947 2836; baseline 0 -16"><span class='ocrx_word' id='word_1_204' title='bbox 67 2767 177 2822; x_wconf 85' lang='lat' dir='ltr'>diolani</span> <span class='ocrx_word' id='word_1_205' title='bbox 197 2785 283 2836; x_wconf 88' lang='lat' dir='ltr'>quam</span> <span class='ocrx_word' id='word_1_206' title='bbox 302 2767 420 2820; x_wconf 86' lang='lat' dir='ltr'>floreant</span> <span class='ocrx_word' id='word_1_207' title='bbox 438 2767 533 2821; x_wconf 87' lang='lat' dir='ltr'>studia</span> <span class='ocrx_word' id='word_1_208' title='bbox 551 2770 649 2821; x_wconf 88' lang='lat' dir='ltr'>narrat</span> <span class='ocrx_word' id='word_1_209' title='bbox 666 2767 775 2820; x_wconf 90' lang='lat' dir='ltr'>Plinius</span> <span class='ocrx_word' id='word_1_210' title='bbox 795 2784 837 2835; x_wconf 90' lang='lat' dir='ltr'>ep.</span> <span class='ocrx_word' id='word_1_211' title='bbox 853 2765 891 2819; x_wconf 94' lang='lat' dir='ltr'>lV</span> <span class='ocrx_word' id='word_1_212' title='bbox 907 2773 947 2820; x_wconf 86' lang='lat'>13.</span> 
     </span>
    </p>

    <p class='ocr_par' dir='ltr' id='par_1_8' title="bbox 65 2838 1083 3332">
     <span class='ocr_line' id='line_1_28' title="bbox 140 2838 1083 2908; baseline 0 -16"><span class='ocrx_word' id='word_1_213' title='bbox 140 2839 162 2908; x_wconf 72' lang='lat'>³)</span> <span class='ocrx_word' id='word_1_214' title='bbox 188 2839 235 2892; x_wconf 85' lang='lat' dir='ltr'>‘ut</span> <span class='ocrx_word' id='word_1_215' title='bbox 253 2839 375 2906; x_wconf 71' lang='grc'>1111111111</span> <span class='ocrx_word' id='word_1_216' title='bbox 397 2855 424 2894; x_wconf 80' lang='lat' dir='ltr'>se</span> <span class='ocrx_word' id='word_1_217' title='bbox 447 2839 563 2893; x_wconf 88' lang='lat' dir='ltr'>contulit</span> <span class='ocrx_word' id='word_1_218' title='bbox 585 2839 702 2893; x_wconf 80' lang='grc'>1101111111</span> <span class='ocrx_word' id='word_1_219' title='bbox 725 2840 825 2908; x_wconf 87' lang='lat' dir='ltr'>(romae</span> <span class='ocrx_word' id='word_1_220' title='bbox 849 2838 953 2904; x_wconf 80' lang='lat' dir='ltr'>codd),</span> <span class='ocrx_word' id='word_1_221' title='bbox 976 2839 1083 2892; x_wconf 81' lang='lat' dir='ltr'>studuit</span> 
     </span>
     <span class='ocr_line' id='line_1_29' title="bbox 65 2908 1081 2980; baseline -0.001 -18"><span class='ocrx_word' id='word_1_222' title='bbox 65 2911 143 2978; x_wconf 82' lang='lat' dir='ltr'>opud</span> <span class='ocrx_word' id='word_1_223' title='bbox 162 2909 301 2978; x_wconf 83' lang='lat' dir='ltr'>Epidium</span> <span class='ocrx_word' id='word_1_224' title='bbox 322 2915 453 2964; x_wconf 85' lang='lat' dir='ltr'>oratorem</span> <span class='ocrx_word' id='word_1_225' title='bbox 471 2927 531 2964; x_wconf 87' lang='lat' dir='ltr'>enm</span> <span class='ocrx_word' id='word_1_226' title='bbox 552 2909 665 2964; x_wconf 81' lang='lat' dir='ltr'>Caesare</span> <span class='ocrx_word' id='word_1_227' title='bbox 683 2909 823 2980; x_wconf 78' lang='lat' dir='ltr'>Aupusto&#39;</span> <span class='ocrx_word' id='word_1_228' title='bbox 847 2908 907 2962; x_wconf 86' lang='lat' dir='ltr'>vita</span> <span class='ocrx_word' id='word_1_229' title='bbox 926 2909 1081 2962; x_wconf 84' lang='lat' dir='ltr'>Beruensis.</span> 
     </span>
     <span class='ocr_line' id='line_1_30' title="bbox 67 2980 1083 3049; baseline 0 -15"><span class='ocrx_word' id='word_1_230' title='bbox 67 2980 140 3034; x_wconf 82' lang='lat' dir='ltr'>‘earn</span> <span class='ocrx_word' id='word_1_231' title='bbox 159 2981 218 3035; x_wconf 87' lang='lat' dir='ltr'>iam</span> <span class='ocrx_word' id='word_1_232' title='bbox 235 2981 347 3034; x_wconf 73' lang='lat' dir='ltr'>mnemia</span> <span class='ocrx_word' id='word_1_233' title='bbox 365 2981 529 3049; x_wconf 78' lang='lat' dir='ltr'>eloquentiae</span> <span class='ocrx_word' id='word_1_234' title='bbox 549 2981 702 3035; x_wconf 75' lang='lat' dir='ltr'>elamoribus</span> <span class='ocrx_word' id='word_1_235' title='bbox 720 2987 841 3046; x_wconf 82' lang='lat' dir='ltr'>uacaret,</span> <span class='ocrx_word' id='word_1_236' title='bbox 865 2981 896 3033; x_wconf 86' lang='lat' dir='ltr'>in</span> <span class='ocrx_word' id='word_1_237' title='bbox 915 2981 977 3034; x_wconf 87' lang='lat' dir='ltr'>belli</span> <span class='ocrx_word' id='word_1_238' title='bbox 995 2981 1083 3034; x_wconf 82' lang='lat' dir='ltr'>ciuilis</span> 
     </span>
     <span class='ocr_line' id='line_1_31' title="bbox 65 3050 766 3152; baseline 0.003 -50"><span class='ocrx_word' id='word_1_239' title='bbox 65 3057 189 3152; x_wconf 79' lang='lat' dir='ltr'>tempma</span> <span class='ocrx_word' id='word_1_240' title='bbox 207 3051 321 3104; x_wconf 80' lang='lat' dir='ltr'>incidit’</span> <span class='ocrx_word' id='word_1_241' title='bbox 342 3050 499 3104; x_wconf 85' lang='lat' dir='ltr'>Probianae</span> <span class='ocrx_word' id='word_1_242' title='bbox 519 3050 594 3104; x_wconf 83' lang='lat' dir='ltr'>vitae</span> <span class='ocrx_word' id='word_1_243' title='bbox 615 3053 766 3120; x_wconf 83' lang='lat' dir='ltr'>excerptor.</span> 
     </span>
     <span class='ocr_line' id='line_1_32' title="bbox 66 3121 1083 3316; baseline -0.004 -70"><span class='ocrx_word' id='word_1_244' title='bbox 66 3259 74 3312; x_wconf 65' lang='lat' dir='ltr'>l</span> <span class='ocrx_word' id='word_1_245' title='bbox 138 3121 347 3316; x_wconf 53' lang='grc' dir='ltr'><em>5ζὲχέξὲἕὲἒῖ</em></span> <span class='ocrx_word' id='word_1_246' title='bbox 348 3121 609 3260; x_wconf 61' lang='lat' dir='ltr'>osipuldlDponiilimi1</span> <span class='ocrx_word' id='word_1_247' title='bbox 612 3210 638 3262; x_wconf 98' lang='lat' dir='ltr'>p</span> <span class='ocrx_word' id='word_1_248' title='bbox 658 3197 699 3260; x_wconf 83' lang='lat'>58,</span> <span class='ocrx_word' id='word_1_249' title='bbox 720 3197 736 3245; x_wconf 79' lang='lat' dir='ltr'>t</span> <span class='ocrx_word' id='word_1_250' title='bbox 755 3192 842 3245; x_wconf 85' lang='lat' dir='ltr'>verba</span> <span class='ocrx_word' id='word_1_251' title='bbox 862 3194 938 3244; x_wconf 89' lang='lat' dir='ltr'>sunt:</span> <span class='ocrx_word' id='word_1_252' title='bbox 966 3190 999 3245; x_wconf 89' lang='lat' dir='ltr'>ef.</span> <span class='ocrx_word' id='word_1_253' title='bbox 1019 3207 1083 3259; x_wconf 89' lang='lat' dir='ltr'>pro-</span> 
     </span>
     <span class='ocr_line' id='line_1_33' title="bbox 76 3279 267 3332; baseline 0.005 -17"><span class='ocrx_word' id='word_1_254' title='bbox 76 3279 138 3332; x_wconf 82' lang='lat' dir='ltr'>egg.</span> <span class='ocrx_word' id='word_1_255' title='bbox 160 3283 176 3316; x_wconf 83' lang='lat' dir='ltr'>o</span> <span class='ocrx_word' id='word_1_256' title='bbox 198 3307 203 3316; x_wconf 93' lang='lat'>.</span> <span class='ocrx_word' id='word_1_257' title='bbox 262 3307 267 3316; x_wconf 98' lang='lat'>.</span> 
     </span>
    </p>

    <p class='ocr_par' dir='ltr' id='par_1_9' title="bbox 138 3332 284 3366">
     <span class='ocr_line' id='line_1_34' title="bbox 138 3332 284 3366; baseline 0 -23"><span class='ocrx_word' id='word_1_258' title='bbox 138 3333 150 3366; x_wconf 53' lang='grc' dir='ltr'><strong>ο</strong></span> <span class='ocrx_word' id='word_1_259' title='bbox 279 3332 284 3343; x_wconf 95' lang='grc'>.</span> 
     </span>
    </p>

    <p class='ocr_par' dir='ltr' id='par_1_10' title="bbox 139 3331 891 3483">
     <span class='ocr_line' id='line_1_35' title="bbox 139 3331 891 3483; baseline -0.005 -25"><span class='ocrx_word' id='word_1_260' title='bbox 139 3337 160 3472; x_wconf 77' lang='lat' dir='ltr'>⁷i</span> <span class='ocrx_word' id='word_1_261' title='bbox 179 3331 362 3458; x_wconf 55' lang='lat' dir='ltr'>idlltdltii</span> <span class='ocrx_word' id='word_1_262' title='bbox 376 3333 522 3458; x_wconf 60' lang='lat' dir='ltr'>iirbriiad.</span> <span class='ocrx_word' id='word_1_263' title='bbox 542 3403 568 3456; x_wconf 86' lang='grc' dir='ltr'>Π</span> <span class='ocrx_word' id='word_1_264' title='bbox 588 3409 637 3457; x_wconf 85' lang='lat' dir='ltr'>roa</span> <span class='ocrx_word' id='word_1_265' title='bbox 659 3403 692 3456; x_wconf 80' lang='lat' dir='ltr'>de</span> <span class='ocrx_word' id='word_1_266' title='bbox 711 3404 757 3457; x_wconf 85' lang='lat' dir='ltr'>fin.</span> <span class='ocrx_word' id='word_1_267' title='bbox 777 3403 802 3455; x_wconf 85' lang='lat'>11</span> <span class='ocrx_word' id='word_1_268' title='bbox 823 3407 891 3483; x_wconf 81' lang='grc' dir='ltr'>119.Ι</span> 
     </span>
    </p>

    <p class='ocr_par' dir='ltr' id='par_1_11' title="bbox 64 3471 1084 3616">
     <span class='ocr_line' id='line_1_36' title="bbox 137 3471 1083 3555; baseline -0.008 -25"><span class='ocrx_word' id='word_1_269' title='bbox 137 3475 158 3544; x_wconf 82' lang='lat'>⁸)</span> <span class='ocrx_word' id='word_1_270' title='bbox 181 3477 251 3530; x_wconf 84' lang='lat' dir='ltr'>‘tum</span> <span class='ocrx_word' id='word_1_271' title='bbox 277 3475 329 3528; x_wconf 85' lang='lat' dir='ltr'>tibi</span> <span class='ocrx_word' id='word_1_272' title='bbox 352 3473 477 3530; x_wconf 81' lang='lat' dir='ltr'>Sironem</span> <span class='ocrx_word' id='word_1_273' title='bbox 496 3473 580 3530; x_wconf 84' lang='lat' dir='ltr'>Maro</span> <span class='ocrx_word' id='word_1_274' title='bbox 600 3475 715 3530; x_wconf 88' lang='lat' dir='ltr'>contulit</span> <span class='ocrx_word' id='word_1_275' title='bbox 737 3475 976 3555; x_wconf 81' lang='lat' dir='ltr'>ipsamapistrum</span> <span class='ocrx_word' id='word_1_276' title='bbox 995 3471 1083 3523; x_wconf 85' lang='lat' dir='ltr'>Roma</span> 
     </span>
     <span class='ocr_line' id='line_1_37' title="bbox 64 3540 1084 3616; baseline -0.008 -18"><span class='ocrx_word' id='word_1_277' title='bbox 64 3553 160 3611; x_wconf 78' lang='lat' dir='ltr'>patene</span> <span class='ocrx_word' id='word_1_278' title='bbox 169 3561 347 3616; x_wconf 75' lang='lat' dir='ltr'>proceresque</span> <span class='ocrx_word' id='word_1_279' title='bbox 361 3561 425 3600; x_wconf 80' lang='lat' dir='ltr'>euos</span> <span class='ocrx_word' id='word_1_280' title='bbox 438 3545 489 3600; x_wconf 85' lang='lat' dir='ltr'>tibi</span> <span class='ocrx_word' id='word_1_281' title='bbox 504 3546 597 3600; x_wconf 81' lang='lat' dir='ltr'>inanit</span> <span class='ocrx_word' id='word_1_282' title='bbox 611 3547 723 3600; x_wconf 84' lang='lat' dir='ltr'>amieos:</span> <span class='ocrx_word' id='word_1_283' title='bbox 739 3544 829 3598; x_wconf 83' lang='lat' dir='ltr'>Potlio</span> <span class='ocrx_word' id='word_1_284' title='bbox 837 3542 984 3596; x_wconf 81' lang='lat' dir='ltr'>Maecenas</span> <span class='ocrx_word' id='word_1_285' title='bbox 995 3540 1084 3592; x_wconf 78' lang='lat' dir='ltr'>Vni-ua</span> 
     </span>
    </p>
   </div>
   <div class='ocr_carea' id='block_1_5' title="bbox 0 0 1294 3962">
    <p class='ocr_par' dir='ltr' id='par_1_12' title="bbox 0 0 1294 3962">
     <span class='ocr_line' id='line_1_38' title="bbox 0 0 1294 3962; baseline 0 1"><span class='ocrx_word' id='word_1_286' title='bbox 0 0 1294 3962; x_wconf 95' lang='lat' dir='ltr'> </span> 
     </span>
    </p>
   </div>
  </div>
 </body>
</html>
