2612 3964
401 324 420 360 ·
456 245 605 299 VERGILI
623 245 756 300 AENEIS
777 247 801 300 ll
1067 245 1128 312 139

109 405 306 471 incumbens
330 427 404 470 arae
427 409 523 490 atque
545 406 660 470 umbra
682 407 847 490 complexa
870 411 1010 492 penates.

105 501 168 592 bic
191 500 325 566 Hecuba
349 505 381 566 et
402 507 497 566 natae
519 503 715 586 nequiquam
738 505 853 569 altaria
876 505 1003 592 circum,
1078 521 1128 571 51⁶

110 585 308 682 praecipites
333 602 403 663 atra
425 621 483 663 ceu
505 603 696 682 tempestate
719 601 899 688 columbae,
1179 557 1187 691 l

110 694 295 758 condensae
318 699 350 758 et
373 695 481 776 divom
504 696 668 778 amplexae
692 697 862 762 simulacra
886 699 1047 764 sedebant.
1170 698 1180 836 p
1217 733 1221 746 ι
1248 675 1265 703 ”

110 792 224 875 ipsum
247 796 356 856 autem
379 791 517 876 sumptis
539 791 704 857 Priamum
726 795 927 860 iuvenalibus
952 795 1049 860 armis

111 893 152 952 ut
175 889 272 975 vidit,
296 891 388 973 ‘quae
410 911 501 953 mens
524 894 592 954 tam
615 891 698 976 dira,
719 892 897 956 miserrime
920 892 1075 978 coniunx,

110 985 247 1069 impulit
269 985 321 1049 his
344 985 431 1070 cingi
453 986 550 1049 telis?
574 991 630 1050 aut
653 1010 717 1071 quo
740 988 846 1052 ruis?'
872 989 987 1074 inquit.
1076 1005 1128 1055 520

112 1082 196 1146 ‘non
216 1083 277 1146 tali
300 1083 420 1146 auxilio
443 1104 502 1146 nec
524 1083 745 1148 defensoribus
768 1085 842 1148 istis

109 1185 245 1263 tempus
268 1184 355 1265 eget,
381 1202 461 1266 non,
488 1180 517 1244 si
539 1179 609 1264 ipse
631 1203 721 1244 meus
743 1203 829 1246 nunc
851 1181 975 1246 adforet
998 1179 1127 1246 Hector.

111 1277 179 1341 huc
201 1276 331 1341 tandem
354 1277 502 1360 concede3
523 1277 602 1340 haec
625 1300 681 1341 ara
703 1278 848 1342 tuebitur
870 1277 989 1364 omnis,

110 1377 172 1437 aut
195 1373 331 1436 moriere
354 1373 471 1436 simuL'
517 1373 563 1437 sic
586 1395 642 1437 ore
664 1375 760 1438 effata
782 1375 902 1458 recepit

110 1472 155 1534 ad
180 1492 250 1534 sese
272 1475 305 1533 ct
329 1493 418 1534 sacra
440 1471 632 1554 longaevom
652 1471 688 1534 in
711 1471 784 1534 sede
806 1471 932 1536 locavit.
1075 1485 1127 1536 stt

159 1567 245 1632 Ecce
266 1572 375 1631 autem
397 1568 525 1650 elapsus
542 1566 665 1650 'Pyrrhi
686 1567 725 1630 de
747 1567 841 1631 caede
862 1565 998 1654 Polites,

111 1688 201 1729 unus
223 1669 374 1728 natorum
396 1663 532 1748 Priami,
553 1687 611 1747 per
632 1665 712 1749 tela,
732 1685 791 1747 per
811 1663 917 1728 hostis
1047 1691 1051 1698 ¹

112 1763 297 1847 porticibus
319 1763 427 1847 longis
449 1762 535 1845 fugit
557 1767 590 1825 et
612 1783 713 1825 vacua
735 1763 818 1825 atria
840 1761 958 1826 lustrat

111 1860 253 1924 saucius.
297 1860 391 1922 illum
414 1858 528 1921 ardens
549 1859 670 1922 infesto
692 1859 821 1922 volnere
843 1857 987 1942 Pyrrhus

111 1957 308 2040 insequitur,
325 1957 390 2020 iam
408 1956 536 2038 iamque
553 1977 651 2018 mann
664 1959 752 2018 tenet
766 1959 798 2018 ct
812 1953 931 2038 premit
942 1953 1046 2018 hana.
1073 1969 1127 2020 tto

110 2059 151 2118 ut
175 2054 306 2117 tandem
329 2055 404 2116 ante
426 2052 537 2116 oeulos
559 2052 661 2115 erasit
684 2057 718 2114 et
741 2073 797 2116 ora
819 2057 1006 2138 parentum,

110 2151 255 2216 concidit
278 2172 314 2214 ac
335 2150 442 2213 multo
463 2149 566 2212 vitam
588 2171 662 2211 cum
684 2149 840 2232 sanguine
861 2147 953 2212 fudit,

52 2293 57 2305 .
109 2248 167 2313 hic
189 2247 353 2330 Priamus,
375 2268 570 2330 quamquam
592 2246 629 2308 in
649 2246 754 2308 media
775 2245 841 2308 iam
862 2253 967 2309 morte
988 2251 1127 2332 tenetur,

109 2367 182 2411 non
203 2349 314 2408 tamen
335 2343 509 2428 abstinuit,
529 2364 588 2406 nec
609 2343 682 2405 roci
703 2343 834 2426 iraeque
855 2341 1006 2426 pepercit,

112 2443 160 2507 ‘at
183 2441 248 2506 tibi
269 2463 329 2524 pro
352 2440 481 2504 scelere’
503 2440 677 2522 exclamat,
698 2439 770 2522 ‘pro
791 2439 912 2504 talibus
936 2439 1038 2526 aune,
1073 2453 1126 2506 tte

109 2541 160 2626 di,
183 2540 278 2622 siqua
300 2542 350 2601 est
372 2537 460 2600 caelo
481 2537 602 2621 pietas,
623 2557 705 2619 qnae
727 2536 807 2599 talia
828 2544 932 2621 curet,

110 2637 301 2722 persolvant
323 2639 433 2719 grates
454 2634 570 2717 dignas
591 2639 624 2696 et
645 2633 788 2715 praemia
810 2633 944 2698 reddant

109 2734 237 2818 debita,
260 2733 316 2815 qui
337 2732 408 2794 nati
429 2753 537 2794 coram
553 2752 607 2792 me
628 2751 757 2793 cernere
778 2729 878 2794 letum

109 2830 220 2894 fecisti
242 2834 276 2892 et
298 2829 422 2912 patrios
444 2827 582 2890 foedasti
603 2827 716 2889 funere
737 2827 854 2890 velnis,

109 2933 146 2992 at
168 2949 237 2990 non
259 2927 329 3010 ille,
351 2929 459 2988 satum
481 2946 546 3006 quo
568 2931 603 2986 te
624 2923 787 3008 mentiris,
807 2923 950 2988 Achillea
1071 2939 1125 2991 uo

109 3026 188 3090 talis
211 3024 247 3087 in
268 3023 365 3086 hoste
385 3023 448 3084 fuit
470 3020 614 3084 Priamo:
636 3020 692 3082 wi
714 3021 786 3083 iura
808 3021 965 3104 fidemque

109 3121 268 3206 supplicis
290 3119 435 3202 erubuit,
455 3139 636 3200 corpusque
658 3139 803 3200 eranmae
824 3121 993 3200 sepulchro

109 3218 249 3282 reddidit
273 3216 482 3299 Hectoreum,
503 3235 620 3296 meque
640 3215 673 3276 in
698 3235 768 3277 mea
790 3235 889 3298 recma
912 3216 1057 3280 recisit!

109 3317 156 3380 sic
178 3317 268 3379 fatus
291 3314 415 3396 senior,
435 3313 601 3394 telumque
621 3311 741 3373 inbelle
764 3313 832 3374 sine
855 3313 919 3374 ictu

108 3413 262 3494 coniecit,
282 3431 381 3472 rauco
404 3409 491 3492 quod
512 3411 661 3491 protinus
685 3429 758 3470 aere
779 3411 939 3491 repulsura
1071 3424 1121 3472 tta

109 3530 145 3572 ec
166 3529 297 3572 summo
319 3506 415 3589 clipei
435 3508 630 3588 nequiquam
655 3507 794 3568 umbone
817 3516 965 3588 perpende
