2552 3958
201 242 246 304 24
514 243 663 298 VERGILI
681 242 825 298 ECLOGA
842 243 908 297 VIII

200 428 265 469 uno
288 405 461 490 eodemque
483 406 565 490 igni:
590 405 635 469 sic
657 409 771 470 nostro
794 404 942 490 Daphnis
966 429 1083 472 amore.

202 523 316 588 sparge
338 503 471 589 molam,
493 506 526 566 et
547 503 675 587 fragilis
696 503 828 567 incende
852 503 1010 568 bitumine
1031 505 1154 570 laurus.
1227 536 1229 542 ·

201 597 347 682 Daphnis
365 621 416 663 me
433 600 537 663 malus
557 601 638 686 urit,
656 621 715 684 ego
733 599 818 664 hane
835 601 871 663 in
888 599 1058 684 Daphnide
1076 601 1210 666 laurum.

246 696 351 760 ducite
366 697 406 760 ab
420 697 500 760 urbe
513 697 653 783 domum,
666 719 736 760 mea
751 697 901 784 carmina,
918 697 1025 762 ducite
1038 695 1210 782 Daphnim

149 817 175 882 3'
202 827 289 892 Talis
313 849 403 893 amor
424 827 602 914 Daphnim3
626 829 731 912 qualis
755 851 827 894 cum
849 829 935 893 fessa
957 829 1128 894 iuvencum
1178 847 1211 894 85

202 947 258 1008 per
279 947 410 990 nemora
433 929 530 1008 atque
553 926 637 990 altos
661 926 841 1009 quaerendo
865 927 981 991 becula
1003 927 1094 990 lucos
1151 1009 1153 1014 Α

201 1027 333 1106 propter
356 1044 457 1106 aquae
479 1023 583 1087 rivom
604 1023 700 1087 uiridi
722 1024 905 1106 procumbit
927 1024 963 1088 in
984 1024 1073 1108 ulva,

201 1119 327 1206 perdita
347 1141 406 1183 nec
428 1141 517 1183 11111
539 1119 686 1184 meminit
709 1119 856 1184 decedere
878 1120 982 1205 nocti,

202 1215 276 1280 talis
300 1238 390 1280 amor
411 1220 534 1302 teneat,
556 1238 614 1280 nec
637 1217 681 1280 sit
702 1215 790 1280 mihi·
806 1237 881 1280 cura
905 1215 1031 1280 mederi.

235 1313 351 1377 ducite
374 1313 414 1377 ab
437 1313 518 1376 urbe
541 1313 680 1399 domum,
706 1335 776 1377 mea
799 1313 949 1399 carmina,
975 1313 1082 1378 ducite
1105 1313 1211 1400 Daph-

997 1432 1074 1475 111111.
1180 1432 1211 1479 90

149 1540 175 1604 a'
202 1540 269 1604 Has
294 1543 371 1606 olim
394 1543 524 1607 exuvias
547 1542 628 1606 mihi
650 1542 790 1625 perfidus
813 1543 868 1606 ille
891 1543 1037 1629 reliquit,

202 1639 337 1723 pignora
360 1661 432 1704 cara
455 1641 518 1704 sui:
542 1661 624 1724 quae
646 1629 731 1702 nunc
754 1660 813 1724 ego
836 1639 947 1704 limine
969 1641 1004 1703 in
1026 1641 1114 1728 ipsc,

202 1739 301 1821 terra,
323 1736 385 1799 tibi
406 1737 537 1821 mand03
561 1737 677 1800 debent
700 1736 778 1800 haec
800 1736 936 1820 pignora
959 1735 1133 1820 Daphnim.

247 1832 352 1896 ducite
366 1832 406 1898 ab
420 1833 500 1897 urbe
514 1833 653 1919 domum,
670 1855 741 1898 mea
755 1834 904 1920 carmina,
918 1833 1023 1897 ducite
1037 1821 1209 1920 Daphnim

149 1963 184 2026 3⁰
201 1963 270 2028 Has
292 1965 407 2030 herbas
431 1969 528 2048 atque
549 1965 628 2030 haec
649 1964 754 2029 Ponto
777 1965 857 2030 mihi
880 1967 962 2031 lecta
984 1988 1106 2032 venena
1177 1987 1210 2036 aa

201 2061 271 2144 ipse
293 2061 379 2125 dedit
402 2061 521 2125 Moeris
545 2059 736 2148 (nascuntur
758 2062 907 2146 pluruma
928 2061 1062 2150 Pont0);

200 2159 252 2222 his
275 2179 334 2243 ego
358 2180 451 2242 saepe
474 2159 587 2242 lupum
608 2160 679 2223 fieri
702 2163 734 2223 et
758 2181 791 2222 se
813 2160 947 2224 condere
970 2159 1084 2224 silvis*

201 2254 350 2342 Moerim,
372 2277 466 2338 saepe
490 2256 612 2320 animas
635 2255 708 2319 imis
732 2255 835 2320 excire
858 2256 1035 2340 sepulchris

201 2356 297 2436 atque
320 2357 407 2417 satas
431 2353 494 2417 alio
517 2353 584 2417 vidi
607 2353 772 2418 traducere
794 2353 916 2418 messis.

244 2450 350 2514 ducite
373 2449 413 2513 ab
437 2449 516 2513 urbe
539 2449 677 2535 domum,
704 2472 774 2513 mea
797 2449 946 2535 carmina,
974 2450 1079 2514 ducite
1102 2451 1210 2537 Daph-

995 2569 1070 2612 mm.
1160 2569 1209 2616 100

147 2685 182 2748 2⁰
200 2677 262 2742 Fer
284 2679 419 2765 cineres,
440 2678 613 2766 Amarylli,
635 2680 721 2743 foras
744 2680 878 2762 rivoque
900 2678 1014 2743 fluenti

199 2779 352 2859 transque
375 2780 470 2859 caput
493 2777 569 2863 iace,
590 2799 649 2841 nec
671 2777 856 2860 respexeris.
895 2775 947 2840 his
967 2797 1026 2862 ego
1045 2775 1210 2862 Daphnim

200 2871 379 2956 adgrediar3
402 2872 484 2936 nihil
506 2873 561 2936 1111
585 2874 673 2959 deos,
694 2874 743 2937 nil
766 2873 906 2937 carmina
929 2877 1028 2939 curat.

244 2968 349 3032 ducite
363 2968 403 3032 ab
418 2969 497 3033 urbe
511 2970 648 3056 domum,
665 2992 736 3034 mea
751 2971 902 3056 carmina,
916 2971 1022 3035 ducite
1035 2971 1209 3056 Daphnim.

149 3062 181 3128 1“
198 3064 271 3128 AM.
299 3063 430 3147 Aspice:
455 3067 610 3149 corripuit
633 3068 779 3132 tremulis
804 3068 918 3132 altaria
940 3067 1077 3133 flammis
1160 3089 1208 3136 105

200 3165 314 3244 sponte
325 3183 392 3246 sua,
405 3161 480 3225 dum
489 3162 571 3249 ferre
581 3186 698 3249 moror,
711 3165 791 3228 cinis
805 3165 883 3249 ipse.
906 3163 1008 3230 DOM.
1019 3166 1143 3232 bonum
1152 3169 1209 3232 sit!

198 3257 305 3322 nescio
330 3258 407 3341 quid
430 3262 561 3344 certest,
584 3265 615 3323 et
638 3259 747 3344 Hylax
769 3262 805 3325 in
822 3261 933 3325 limine
955 3261 1062 3327 latrat.

199 3354 377 3418 credimus?
402 3377 442 3417 an
465 3354 521 3437 qui
545 3360 667 3442 amant,
689 3357 753 3441 ipsi
778 3358 841 3422 sibi
864 3359 988 3422 somnia
1009 3359 1160 3444 fingunt?

243 3452 374 3536 parcite,
393 3451 433 3514 ab
448 3451 527 3514 urbe
541 3453 639 3538 venit,
659 3454 724 3516 iam
737 3455 868 3540 parcite,
887 3455 1035 3542 carmina,
1051 3455 1210 3541 Daphnis.
