2538 3970
428 232 576 288 VERGILI
594 233 726 290 Asnms
740 233 777 290 lx
1036 236 1101 301 299

86 391 261 458 clamorem
285 393 449 477 excipiunt
473 393 552 460 socii
574 394 768 481 fremituque
791 401 943 462 secuntur

85 489 281 562 horrisonos
296 491 455 556 Teucrum
477 491 637 556 mirantur
659 492 776 557 inertia
798 495 903 581 corda,
1067 511 1101 560 os

85 608 280 672 nonaeque
304 588 380 653 dare
404 609 437 652 se
461 609 583 672 campo,
604 609 671 652 non
694 588 789 654 obvia
810 591 893 656 ferre

88 707 181 750 arma
202 686 299 773 viros,
322 685 378 751 sed
399 689 505 750 castra
526 685 642 750 fovere.
670 684 733 750 huc
751 687 900 752 turbidus
919 691 1016 772 atque
1037 686 1102 752 huc

87 782 210 846 lustrat
233 803 316 867 equo
339 803 449 846 muros
473 782 659 866 aditumque
680 805 739 868 per
761 783 833 848 avie
857 787 988 868 quaerit.

89 900 132 942 ac
151 879 251 943 veluti
273 879 369 963 pleno
392 877 488 962 lupus
513 878 684 944 insidiatus
704 879 782 945 ovili

89 997 189 1059 quom
212 975 322 1040 fremit
345 975 384 1040 ad
407 975 524 1059 caulas,
547 979 661 1040 ventos
684 999 854 1061 perpessus
878 983 911 1044 ct
933 979 1056 1066 imbris,
1067 997 1100 1045 oo

88 1078 185 1139 nocte
208 1095 304 1157 super
326 1073 430 1138 media
453 1069 533 1159 (tuti
556 1070 617 1135 sub
639 1072 798 1138 matribus
821 1075 898 1159 agni

90 1171 235 1235 balatum
258 1173 415 1254 exercent,
436 1169 492 1233 ille
515 1173 662 1252 asperet
685 1169 852 1255 improbus
875 1172 923 1237 ira

89 1269 193 1334 saevit
215 1267 252 1332 in
274 1266 427 1352 absentis,
440 1265 722 1354 Qjatiget
745 1267 881 1338 edendi.

83 1365 264 1452 exlongo,
269 1363 394 1450 galo-ies„
403 1367 436 1428 et
459 1363 559 1427 siccae
583 1363 738 1448 sanguine
761 1362 897 1451 fauces):

89 1461 177 1526 haud
199 1461 294 1525 aliter
316 1458 439 1524 Rutulo
462 1479 573 1523 muros
597 1463 629 1522 et
652 1464 757 1524 castra
779 1462 884 1525 tuenti
1067 1481 1099 1529 oc

91 1558 261 1644 ignescunt
283 1557 358 1644 irae,
381 1557 469 1621 duris
493 1555 584 1620 dolor
608 1556 735 1620 ossibus
759 1558 857 1622 ardet.

92 1678 155 1740 qua
176 1658 314 1738 temptet
336 1655 461 1718 ratione
484 1653 590 1717 aditus
614 1657 646 1716 et
669 1675 732 1737 qua
754 1655 787 1718 ri
810 1656 936 1722 clausos

91 1753 232 1818 excutiat
255 1751 393 1816 Teucros
417 1750 502 1815 vallo
527 1753 624 1834 atque
647 1751 788 1816 effundat
811 1752 846 1816 in
871 1753 1011 1838 aequor?

91 1851 234 1935 classem,
257 1869 338 1933 quae
361 1848 456 1912 lateri
479 1850 659 1912 castrorum
682 1848 831 1912 adiuncta
852 1849 985 1936 latebat,

92 1948 264 2034 aggeribus
288 1949 431 2030 saeptam
453 1945 572 2010 circum
595 1948 627 2008 et
650 1943 834 2008 fluvialibus
858 1947 962 2034 undis,
1068 1965 1101 2014 το

92 2045 214 2110 invadit
238 2044 406 2127 sociosque
428 2041 574 2108 incendia
596 2042 701 2124 poscit
725 2043 850 2106 ovantis

91 2147 188 2226 atque
209 2161 341 2205 manum
363 2139 443 2222 pinu
465 2138 617 2222 flagranti
641 2139 781 2203 fervidus
804 2139 924 2222 implet.
1068 2157 1101 2207 72

92 2240 150 2304 ‘sic
171 2259 241 2324 ros,
265 2236 391 2320 oleati,
414 2235 499 2300 ferro
523 2236 579 2319 qui
603 2236 744 2300 scindere
757 2236 888 2300 -vallum
1050 2255 1100 2304 146

91 2339 226 2422 apparat
250 2337 282 2398 et
304 2355 428 2398 mecum
449 2332 573 2397 invadit
596 2332 790 2416 trepidantia
813 2333 937 2396 castra?
1051 2351 1099 2400 14⁷

91 2437 260 2497 tumuere
283 2429 473 2494 incumbunt
498 2428 606 2515 (urget
628 2429 809 2513 praesentis
832 2427 958 2517 Turni),
1068 2449 1100 2496 73

91 2535 188 2615 atque
213 2528 316 2593 omnis
340 2525 464 2590 facibus
488 2525 589 2609 pubes
613 2527 792 2611 accingitur
815 2528 903 2592 atris.

91 2627 251 2710 diripuere
273 2624 375 2708 focos3
398 2623 525 2707 piceum
547 2623 611 2686 fert
632 2623 755 2687 fumida
777 2623 886 2687 lumen
1068 2641 1101 2689 75

91 2724 184 2788 taeda
207 2726 239 2787 et
262 2721 467 2786 commixtam
491 2717 654 2784 Volcanus
677 2721 717 2784 ad
740 2724 827 2784 ostra
849 2720 1000 2785 favillam.

135 2820 214 2896 Quis
238 2820 325 2903 deus,
348 2839 367 2882 0
390 2817 511 2902 Musae,
533 2821 601 2882 tam
624 2839 718 2882 saeva
740 2818 886 2882 incendia
909 2817 1038 2883 Teucris

93 2917 231 2983 avertit?
254 2919 363 2980 tantos
387 2913 512 2978 ratibus
537 2915 610 2998 quis
634 2915 757 2998 depulit
774 2915 888 3000 ignes?

93 3016 194 3080 dicite.
241 3013 346 3098 prisca
368 3011 448 3076 fides
471 3011 567 3097 facto,
590 3012 645 3076 sed
667 3012 753 3076 fama
775 3012 932 3095 perennis.

93 3117 235 3197 tempore
258 3131 322 3194 quo
345 3110 486 3194 primum
508 3107 650 3194 Phrygia
672 3109 832 3173 formabat
855 3109 891 3172 in
913 3108 969 3173 Ida
1067 3128 1101 3176 80

93 3209 215 3274 Aeneas
239 3207 373 3272 classem
396 3210 429 3270 et
451 3206 559 3291 pelagi
582 3211 690 3290 petere
714 3208 780 3271 alta
797 3207 943 3293 parabat,

93 3308 161 3392 ipsa
184 3307 279 3370 deum
300 3305 404 3368 fertur
427 3304 574 3389 genetrix
597 3303 786 3387 Berecyntia
809 3325 963 3389 magnum

93 3405 223 3470 vocibus
245 3403 297 3466 his
322 3401 427 3466 adfata
449 3401 571 3466 Iovem:
599 3402 659 3488 ‘da,
682 3405 788 3486 gnate,
810 3402 943 3487 petenti,

95 3502 177 3586 quod
200 3505 257 3565 tue
280 3521 353 3565 cara
375 3521 489 3583 parens
514 3499 636 3564 domito
659 3504 692 3564 te
714 3501 819 3584 poscit
843 3497 988 3584 Olympo.
