<?xml version="1.0" encoding="UTF-8"?>
<!DOCTYPE html PUBLIC "-//W3C//DTD XHTML 1.0 Transitional//EN"
    "http://www.w3.org/TR/xhtml1/DTD/xhtml1-transitional.dtd">
<html xmlns="http://www.w3.org/1999/xhtml" xml:lang="en" lang="en">
 <head>
  <title>
</title>
<meta http-equiv="Content-Type" content="text/html;charset=utf-8" />
  <meta name='ocr-system' content='tesseract 3.04.00' />
  <meta name='ocr-capabilities' content='ocr_page ocr_carea ocr_par ocr_line ocrx_word'/>
</head>
<body>
  <div class='ocr_page' id='page_1' title='image "./pvergilimaronis11virggoog/pvergilimaronis11virggoog_0084.png"; bbox 0 0 2552 3958; ppageno 0'>
   <div class='ocr_carea' id='block_1_1' title="bbox 349 258 1060 321">
    <p class='ocr_par' dir='ltr' id='par_1_1' title="bbox 349 258 1060 321">
     <span class='ocr_line' id='line_1_1' title="bbox 349 258 1060 321; baseline 0.013 -9"><span class='ocrx_word' id='word_1_1' title='bbox 349 259 502 314; x_wconf 65' lang='lat' dir='ltr'>vanem</span> <span class='ocrx_word' id='word_1_2' title='bbox 519 260 760 316; x_wconf 72' lang='lat' dir='ltr'>usonclooxl</span> <span class='ocrx_word' id='word_1_3' title='bbox 1017 258 1060 321; x_wconf 84' lang='lat'>31</span> 
     </span>
    </p>
   </div>
   <div class='ocr_carea' id='block_1_2' title="bbox 61 421 1060 971">
    <p class='ocr_par' dir='ltr' id='par_1_2' title="bbox 62 421 1060 798">
     <span class='ocr_line' id='line_1_2' title="bbox 62 421 1005 506; baseline 0.006 -24"><span class='ocrx_word' id='word_1_4' title='bbox 62 423 149 504; x_wconf 88' lang='lat' dir='ltr'>tuque</span> <span class='ocrx_word' id='word_1_5' title='bbox 171 421 263 506; x_wconf 87' lang='lat' dir='ltr'>adeo,</span> <span class='ocrx_word' id='word_1_6' title='bbox 286 444 383 505; x_wconf 89' lang='lat' dir='ltr'>quem</span> <span class='ocrx_word' id='word_1_7' title='bbox 403 445 481 487; x_wconf 84' lang='lat' dir='ltr'>mox</span> <span class='ocrx_word' id='word_1_8' title='bbox 504 445 587 506; x_wconf 86' lang='lat' dir='ltr'>quae</span> <span class='ocrx_word' id='word_1_9' title='bbox 610 423 677 487; x_wconf 87' lang='lat' dir='ltr'>sint</span> <span class='ocrx_word' id='word_1_10' title='bbox 697 423 851 488; x_wconf 80' lang='lat' dir='ltr'>habitam</span> <span class='ocrx_word' id='word_1_11' title='bbox 872 423 1005 488; x_wconf 83' lang='lat' dir='ltr'>deonim</span> 
     </span>
     <span class='ocr_line' id='line_1_3' title="bbox 62 517 1060 606; baseline 0.002 -26"><span class='ocrx_word' id='word_1_12' title='bbox 62 518 182 581; x_wconf 89' lang='lat' dir='ltr'>concilia</span> <span class='ocrx_word' id='word_1_13' title='bbox 202 519 363 583; x_wconf 87' lang='lat' dir='ltr'>incertum</span> <span class='ocrx_word' id='word_1_14' title='bbox 385 526 452 606; x_wconf 88' lang='lat' dir='ltr'>est,</span> <span class='ocrx_word' id='word_1_15' title='bbox 473 520 607 584; x_wconf 81' lang='lat' dir='ltr'><strong>urbisne</strong></span> <span class='ocrx_word' id='word_1_16' title='bbox 628 521 782 604; x_wconf 81' lang='lat' dir='ltr'>invisere,</span> <span class='ocrx_word' id='word_1_17' title='bbox 803 517 934 602; x_wconf 77' lang='lat' dir='ltr'>Caesar,</span> <span class='ocrx_word' id='word_1_18' title='bbox 1025 534 1060 582; x_wconf 74' lang='lat'>2⁵</span> 
     </span>
     <span class='ocr_line' id='line_1_4' title="bbox 62 616 932 699; baseline 0.003 -22"><span class='ocrx_word' id='word_1_19' title='bbox 62 618 269 699; x_wconf 86' lang='lat' dir='ltr'>terrarumque</span> <span class='ocrx_word' id='word_1_20' title='bbox 290 616 371 680; x_wconf 80' lang='lat' dir='ltr'>velis</span> <span class='ocrx_word' id='word_1_21' title='bbox 394 637 519 699; x_wconf 89' lang='lat' dir='ltr'>curam,</span> <span class='ocrx_word' id='word_1_22' title='bbox 540 630 574 680; x_wconf 82' lang='lat' dir='ltr'>et</span> <span class='ocrx_word' id='word_1_23' title='bbox 594 621 629 681; x_wconf 75' lang='lat' dir='ltr'>te</span> <span class='ocrx_word' id='word_1_24' title='bbox 650 639 821 681; x_wconf 85' lang='lat' dir='ltr'>maxumus</span> <span class='ocrx_word' id='word_1_25' title='bbox 843 617 932 682; x_wconf 87' lang='lat' dir='ltr'>orbis</span> 
     </span>
     <span class='ocr_line' id='line_1_5' title="bbox 62 714 867 798; baseline 0.004 -23"><span class='ocrx_word' id='word_1_26' title='bbox 62 716 210 778; x_wconf 76' lang='lat' dir='ltr'>auctorem</span> <span class='ocrx_word' id='word_1_27' title='bbox 231 714 364 798; x_wconf 83' lang='lat' dir='ltr'>frugum</span> <span class='ocrx_word' id='word_1_28' title='bbox 385 718 679 798; x_wconf 73' lang='lat' dir='ltr'>tempestatumque</span> <span class='ocrx_word' id='word_1_29' title='bbox 699 718 867 797; x_wconf 86' lang='lat' dir='ltr'>potentem</span> 
     </span>
    </p>

    <p class='ocr_par' dir='ltr' id='par_1_3' title="bbox 61 810 816 895">
     <span class='ocr_line' id='line_1_6' title="bbox 61 810 816 895; baseline 0.004 -23"><span class='ocrx_word' id='word_1_30' title='bbox 61 810 181 892; x_wconf 87' lang='lat' dir='ltr'>accipiat</span> <span class='ocrx_word' id='word_1_31' title='bbox 203 810 336 895; x_wconf 85' lang='lat' dir='ltr'>cingens</span> <span class='ocrx_word' id='word_1_32' title='bbox 358 815 504 874; x_wconf 85' lang='lat' dir='ltr'>materna</span> <span class='ocrx_word' id='word_1_33' title='bbox 526 815 673 895; x_wconf 86' lang='lat' dir='ltr'>tempora</span> <span class='ocrx_word' id='word_1_34' title='bbox 693 815 816 894; x_wconf 75' lang='lat' dir='ltr'>myrto,</span> 
     </span>
    </p>

    <p class='ocr_par' dir='ltr' id='par_1_4' title="bbox 61 905 890 971">
     <span class='ocr_line' id='line_1_7' title="bbox 61 905 890 971; baseline 0.001 -2"><span class='ocrx_word' id='word_1_35' title='bbox 61 929 93 969; x_wconf 89' lang='lat' dir='ltr'>an</span> <span class='ocrx_word' id='word_1_36' title='bbox 112 907 186 970; x_wconf 87' lang='lat' dir='ltr'>deus</span> <span class='ocrx_word' id='word_1_37' title='bbox 208 905 358 970; x_wconf 86' lang='lat' dir='ltr'><strong>immensi</strong></span> <span class='ocrx_word' id='word_1_38' title='bbox 381 907 490 971; x_wconf 86' lang='lat' dir='ltr'>venias</span> <span class='ocrx_word' id='word_1_39' title='bbox 512 907 612 971; x_wconf 88' lang='lat' dir='ltr'>maris</span> <span class='ocrx_word' id='word_1_40' title='bbox 634 928 672 970; x_wconf 87' lang='lat' dir='ltr'>ac</span> <span class='ocrx_word' id='word_1_41' title='bbox 692 911 751 970; x_wconf 81' lang='lat' dir='ltr'>tna</span> <span class='ocrx_word' id='word_1_42' title='bbox 771 911 890 970; x_wconf 78' lang='lat' dir='ltr'>nautae</span> 
     </span>
    </p>
   </div>
   <div class='ocr_carea' id='block_1_3' title="bbox 59 1003 1057 1281">
    <p class='ocr_par' dir='ltr' id='par_1_5' title="bbox 59 1003 1057 1281">
     <span class='ocr_line' id='line_1_8' title="bbox 59 1003 1057 1088; baseline 0.002 -22"><span class='ocrx_word' id='word_1_43' title='bbox 59 1003 176 1068; x_wconf 88' lang='lat' dir='ltr'>numina</span> <span class='ocrx_word' id='word_1_44' title='bbox 199 1004 270 1068; x_wconf 84' lang='lat' dir='ltr'>sola</span> <span class='ocrx_word' id='word_1_45' title='bbox 292 1003 414 1088; x_wconf 78' lang='lat' dir='ltr'><strong>colant,</strong></span> <span class='ocrx_word' id='word_1_46' title='bbox 435 1004 499 1068; x_wconf 90' lang='lat' dir='ltr'>tibi</span> <span class='ocrx_word' id='word_1_47' title='bbox 522 1004 642 1068; x_wconf 82' lang='lat' dir='ltr'>serviat</span> <span class='ocrx_word' id='word_1_48' title='bbox 664 1004 779 1067; x_wconf 85' lang='lat' dir='ltr'>ultima</span> <span class='ocrx_word' id='word_1_49' title='bbox 801 1003 903 1086; x_wconf 68' lang='lat' dir='ltr'>Thyle</span> <span class='ocrx_word' id='word_1_50' title='bbox 1023 1021 1057 1068; x_wconf 75' lang='lat' dir='ltr'>ao</span> 
     </span>
     <span class='ocr_line' id='line_1_9' title="bbox 59 1101 960 1192; baseline 0.001 -28"><span class='ocrx_word' id='word_1_51' title='bbox 59 1106 141 1184; x_wconf 87' lang='lat' dir='ltr'>teque</span> <span class='ocrx_word' id='word_1_52' title='bbox 163 1101 226 1166; x_wconf 89' lang='lat' dir='ltr'>sibi</span> <span class='ocrx_word' id='word_1_53' title='bbox 250 1121 404 1186; x_wconf 83' lang='lat' dir='ltr'>generum</span> <span class='ocrx_word' id='word_1_54' title='bbox 425 1101 549 1185; x_wconf 83' lang='lat' dir='ltr'>Tethys</span> <span class='ocrx_word' id='word_1_55' title='bbox 571 1106 657 1166; x_wconf 86' lang='lat' dir='ltr'>emat</span> <span class='ocrx_word' id='word_1_56' title='bbox 673 1101 828 1192; x_wconf 89' lang='lat' dir='ltr'>omnibns</span> <span class='ocrx_word' id='word_1_57' title='bbox 851 1102 960 1184; x_wconf 87' lang='lat' dir='ltr'>undis,</span> 
     </span>
     <span class='ocr_line' id='line_1_10' title="bbox 60 1197 880 1281; baseline 0.001 -20"><span class='ocrx_word' id='word_1_58' title='bbox 60 1219 128 1261; x_wconf 89' lang='lat' dir='ltr'>anne</span> <span class='ocrx_word' id='word_1_59' title='bbox 147 1219 267 1262; x_wconf 82' lang='lat' dir='ltr'>norom</span> <span class='ocrx_word' id='word_1_60' title='bbox 289 1197 391 1262; x_wconf 86' lang='lat' dir='ltr'>tardis</span> <span class='ocrx_word' id='word_1_61' title='bbox 415 1198 504 1262; x_wconf 91' lang='lat' dir='ltr'>sidus</span> <span class='ocrx_word' id='word_1_62' title='bbox 526 1202 560 1262; x_wconf 90' lang='lat' dir='ltr'>te</span> <span class='ocrx_word' id='word_1_63' title='bbox 581 1198 746 1262; x_wconf 88' lang='lat' dir='ltr'>mensibus</span> <span class='ocrx_word' id='word_1_64' title='bbox 769 1199 880 1281; x_wconf 86' lang='lat' dir='ltr'>addas,</span> 
     </span>
    </p>
   </div>
   <div class='ocr_carea' id='block_1_4' title="bbox 21 1295 1054 3229">
    <p class='ocr_par' dir='ltr' id='par_1_6' title="bbox 21 1295 1054 2250">
     <span class='ocr_line' id='line_1_11' title="bbox 60 1295 895 1380; baseline 0.004 -23"><span class='ocrx_word' id='word_1_65' title='bbox 60 1315 112 1376; x_wconf 93' lang='lat' dir='ltr'>qua</span> <span class='ocrx_word' id='word_1_66' title='bbox 131 1295 219 1360; x_wconf 85' lang='lat' dir='ltr'>locus</span> <span class='ocrx_word' id='word_1_67' title='bbox 242 1295 409 1379; x_wconf 84' lang='lat' dir='ltr'>Erigonen</span> <span class='ocrx_word' id='word_1_68' title='bbox 431 1297 516 1360; x_wconf 89' lang='lat' dir='ltr'>inter</span> <span class='ocrx_word' id='word_1_69' title='bbox 539 1296 709 1380; x_wconf 79' lang='lat' dir='ltr'>chelasque</span> <span class='ocrx_word' id='word_1_70' title='bbox 731 1296 895 1379; x_wconf 67' lang='lat' dir='ltr'>mquentis</span> 
     </span>
     <span class='ocr_line' id='line_1_12' title="bbox 21 1389 967 1478; baseline 0.001 -23"><span class='ocrx_word' id='word_1_71' title='bbox 21 1453 23 1472; x_wconf 79' lang='grc'><strong>,</strong></span> <span class='ocrx_word' id='word_1_72' title='bbox 58 1391 195 1473; x_wconf 80' lang='lat' dir='ltr'>panditur</span> <span class='ocrx_word' id='word_1_73' title='bbox 219 1389 304 1478; x_wconf 88' lang='lat' dir='ltr'>(ipse</span> <span class='ocrx_word' id='word_1_74' title='bbox 325 1391 388 1456; x_wconf 91' lang='lat' dir='ltr'>tibi</span> <span class='ocrx_word' id='word_1_75' title='bbox 409 1392 475 1456; x_wconf 89' lang='lat' dir='ltr'>iam</span> <span class='ocrx_word' id='word_1_76' title='bbox 497 1392 647 1457; x_wconf 85' lang='lat' dir='ltr'>bracchia</span> <span class='ocrx_word' id='word_1_77' title='bbox 668 1393 831 1457; x_wconf 83' lang='lat' dir='ltr'>contrahit</span> <span class='ocrx_word' id='word_1_78' title='bbox 853 1391 967 1456; x_wconf 87' lang='lat' dir='ltr'>ardens</span> 
     </span>
     <span class='ocr_line' id='line_1_13' title="bbox 59 1485 1054 1576; baseline 0.002 -25"><span class='ocrx_word' id='word_1_79' title='bbox 59 1485 195 1572; x_wconf 86' lang='lat' dir='ltr'>Scorpius</span> <span class='ocrx_word' id='word_1_80' title='bbox 219 1493 252 1553; x_wconf 93' lang='lat' dir='ltr'>et</span> <span class='ocrx_word' id='word_1_81' title='bbox 275 1489 355 1553; x_wconf 87' lang='lat' dir='ltr'>caeli</span> <span class='ocrx_word' id='word_1_82' title='bbox 376 1489 464 1553; x_wconf 85' lang='lat' dir='ltr'>iusta</span> <span class='ocrx_word' id='word_1_83' title='bbox 485 1490 560 1573; x_wconf 91' lang='lat' dir='ltr'>plus</span> <span class='ocrx_word' id='word_1_84' title='bbox 581 1495 675 1574; x_wconf 86' lang='lat' dir='ltr'>parte</span> <span class='ocrx_word' id='word_1_85' title='bbox 696 1487 866 1576; x_wconf 78' lang='lat' dir='ltr'>relinquit)</span> <span class='ocrx_word' id='word_1_86' title='bbox 889 1527 932 1536; x_wconf 90' lang='lat'>—</span> <span class='ocrx_word' id='word_1_87' title='bbox 1019 1506 1054 1554; x_wconf 80' lang='lat'>35</span> 
     </span>
     <span class='ocr_line' id='line_1_14' title="bbox 58 1582 975 1671; baseline 0.005 -24"><span class='ocrx_word' id='word_1_88' title='bbox 58 1585 199 1668; x_wconf 91' lang='lat' dir='ltr'>quidquid</span> <span class='ocrx_word' id='word_1_89' title='bbox 222 1585 285 1650; x_wconf 90' lang='lat' dir='ltr'>eris</span> <span class='ocrx_word' id='word_1_90' title='bbox 309 1582 399 1671; x_wconf 88' lang='lat' dir='ltr'>(nam</span> <span class='ocrx_word' id='word_1_91' title='bbox 420 1589 454 1649; x_wconf 89' lang='lat' dir='ltr'>te</span> <span class='ocrx_word' id='word_1_92' title='bbox 475 1607 535 1650; x_wconf 89' lang='lat' dir='ltr'>nee</span> <span class='ocrx_word' id='word_1_93' title='bbox 557 1592 688 1671; x_wconf 90' lang='lat' dir='ltr'>sperant</span> <span class='ocrx_word' id='word_1_94' title='bbox 709 1586 846 1651; x_wconf 82' lang='lat' dir='ltr'>Tartara</span> <span class='ocrx_word' id='word_1_95' title='bbox 867 1607 975 1670; x_wconf 89' lang='lat' dir='ltr'>regem</span> 
     </span>
     <span class='ocr_line' id='line_1_15' title="bbox 57 1682 828 1768; baseline 0.009 -26"><span class='ocrx_word' id='word_1_96' title='bbox 57 1701 104 1744; x_wconf 89' lang='lat' dir='ltr'>uec</span> <span class='ocrx_word' id='word_1_97' title='bbox 124 1682 184 1746; x_wconf 89' lang='lat' dir='ltr'>tibi</span> <span class='ocrx_word' id='word_1_98' title='bbox 206 1682 363 1766; x_wconf 86' lang='lat' dir='ltr'>regnandi</span> <span class='ocrx_word' id='word_1_99' title='bbox 385 1682 493 1746; x_wconf 86' lang='lat' dir='ltr'>veniat</span> <span class='ocrx_word' id='word_1_100' title='bbox 515 1687 583 1748; x_wconf 86' lang='lat' dir='ltr'>tam</span> <span class='ocrx_word' id='word_1_101' title='bbox 605 1685 675 1748; x_wconf 90' lang='lat' dir='ltr'>dira</span> <span class='ocrx_word' id='word_1_102' title='bbox 697 1685 828 1768; x_wconf 89' lang='lat' dir='ltr'>cupido,</span> 
     </span>
     <span class='ocr_line' id='line_1_16' title="bbox 58 1777 810 1865; baseline 0.005 -24"><span class='ocrx_word' id='word_1_103' title='bbox 58 1779 188 1860; x_wconf 84' lang='lat' dir='ltr'>quamvis</span> <span class='ocrx_word' id='word_1_104' title='bbox 211 1777 344 1862; x_wconf 83' lang='lat' dir='ltr'>Elysios</span> <span class='ocrx_word' id='word_1_105' title='bbox 366 1779 503 1844; x_wconf 88' lang='lat' dir='ltr'>miretur</span> <span class='ocrx_word' id='word_1_106' title='bbox 525 1777 659 1845; x_wconf 76' lang='lat' dir='ltr'>Graecia</span> <span class='ocrx_word' id='word_1_107' title='bbox 681 1803 810 1865; x_wconf 88' lang='lat' dir='ltr'>campos</span> 
     </span>
     <span class='ocr_line' id='line_1_17' title="bbox 57 1874 890 1964; baseline 0.007 -28"><span class='ocrx_word' id='word_1_108' title='bbox 57 1895 104 1938; x_wconf 87' lang='lat' dir='ltr'>uec</span> <span class='ocrx_word' id='word_1_109' title='bbox 123 1875 260 1959; x_wconf 87' lang='lat' dir='ltr'>repetita</span> <span class='ocrx_word' id='word_1_110' title='bbox 283 1877 375 1960; x_wconf 88' lang='lat' dir='ltr'>sequi</span> <span class='ocrx_word' id='word_1_111' title='bbox 398 1879 488 1941; x_wconf 91' lang='lat' dir='ltr'>curet</span> <span class='ocrx_word' id='word_1_112' title='bbox 509 1874 703 1962; x_wconf 88' lang='lat' dir='ltr'>Proserpina</span> <span class='ocrx_word' id='word_1_113' title='bbox 724 1875 875 1964; x_wconf 83' lang='lat' dir='ltr'>matrem)</span> <span class='ocrx_word' id='word_1_114' title='bbox 881 1929 890 1962; x_wconf 91' lang='lat'><strong><em>,</em></strong></span> 
     </span>
     <span class='ocr_line' id='line_1_18' title="bbox 58 1972 1052 2060; baseline 0.007 -26"><span class='ocrx_word' id='word_1_115' title='bbox 58 1972 88 2034; x_wconf 84' lang='lat' dir='ltr'>da</span> <span class='ocrx_word' id='word_1_116' title='bbox 108 1973 230 2036; x_wconf 78' lang='lat' dir='ltr'>facilem</span> <span class='ocrx_word' id='word_1_117' title='bbox 252 1994 382 2037; x_wconf 90' lang='lat' dir='ltr'>cursum</span> <span class='ocrx_word' id='word_1_118' title='bbox 404 1977 501 2057; x_wconf 87' lang='lat' dir='ltr'>atque</span> <span class='ocrx_word' id='word_1_119' title='bbox 524 1975 697 2040; x_wconf 89' lang='lat' dir='ltr'>audacibus</span> <span class='ocrx_word' id='word_1_120' title='bbox 720 1976 824 2040; x_wconf 90' lang='lat' dir='ltr'>adnue</span> <span class='ocrx_word' id='word_1_121' title='bbox 846 1975 981 2060; x_wconf 86' lang='lat' dir='ltr'>coeptis,</span> <span class='ocrx_word' id='word_1_122' title='bbox 1017 1993 1052 2042; x_wconf 73' lang='lat' dir='ltr'>ro</span> 
     </span>
     <span class='ocr_line' id='line_1_19' title="bbox 58 2068 828 2158; baseline 0.009 -29"><span class='ocrx_word' id='word_1_123' title='bbox 58 2068 237 2154; x_wconf 87' lang='lat' dir='ltr'>ignarosque</span> <span class='ocrx_word' id='word_1_124' title='bbox 258 2070 330 2133; x_wconf 84' lang='lat' dir='ltr'>viae</span> <span class='ocrx_word' id='word_1_125' title='bbox 351 2091 476 2134; x_wconf 89' lang='lat' dir='ltr'>mecum</span> <span class='ocrx_word' id='word_1_126' title='bbox 497 2072 668 2136; x_wconf 86' lang='lat' dir='ltr'>miseratus</span> <span class='ocrx_word' id='word_1_127' title='bbox 691 2073 828 2158; x_wconf 85' lang='lat' dir='ltr'>agrestis</span> 
     </span>
     <span class='ocr_line' id='line_1_20' title="bbox 58 2165 874 2250; baseline 0.004 -21"><span class='ocrx_word' id='word_1_128' title='bbox 58 2165 206 2250; x_wconf 75' lang='lat' dir='ltr'>ingredere</span> <span class='ocrx_word' id='word_1_129' title='bbox 229 2170 263 2230; x_wconf 93' lang='lat' dir='ltr'>et</span> <span class='ocrx_word' id='word_1_130' title='bbox 283 2167 370 2231; x_wconf 84' lang='lat' dir='ltr'>rotis</span> <span class='ocrx_word' id='word_1_131' title='bbox 393 2167 459 2232; x_wconf 88' lang='lat' dir='ltr'>iam</span> <span class='ocrx_word' id='word_1_132' title='bbox 479 2190 566 2233; x_wconf 89' lang='lat' dir='ltr'>nunc</span> <span class='ocrx_word' id='word_1_133' title='bbox 588 2170 738 2234; x_wconf 79' lang='lat' dir='ltr'>adsuesce</span> <span class='ocrx_word' id='word_1_134' title='bbox 759 2169 874 2235; x_wconf 86' lang='lat' dir='ltr'>vocari.</span> 
     </span>
    </p>

    <p class='ocr_par' dir='ltr' id='par_1_7' title="bbox 57 2261 1049 3229">
     <span class='ocr_line' id='line_1_21' title="bbox 93 2261 933 2348; baseline 0.005 -22"><span class='ocrx_word' id='word_1_135' title='bbox 93 2261 169 2328; x_wconf 85' lang='lat' dir='ltr'>Vere</span> <span class='ocrx_word' id='word_1_136' title='bbox 189 2284 275 2327; x_wconf 83' lang='lat' dir='ltr'>novo</span> <span class='ocrx_word' id='word_1_137' title='bbox 299 2263 423 2348; x_wconf 88' lang='lat' dir='ltr'>gelidus</span> <span class='ocrx_word' id='word_1_138' title='bbox 445 2265 534 2330; x_wconf 87' lang='lat' dir='ltr'>canis</span> <span class='ocrx_word' id='word_1_139' title='bbox 557 2288 629 2332; x_wconf 89' lang='lat' dir='ltr'>cum</span> <span class='ocrx_word' id='word_1_140' title='bbox 650 2268 816 2332; x_wconf 89' lang='lat' dir='ltr'>montibus</span> <span class='ocrx_word' id='word_1_141' title='bbox 839 2289 933 2331; x_wconf 90' lang='lat' dir='ltr'>umor</span> 
     </span>
     <span class='ocr_line' id='line_1_22' title="bbox 59 2357 884 2450; baseline 0.007 -28"><span class='ocrx_word' id='word_1_142' title='bbox 59 2357 177 2443; x_wconf 89' lang='lat' dir='ltr'>liquitur</span> <span class='ocrx_word' id='word_1_143' title='bbox 199 2364 232 2424; x_wconf 92' lang='lat' dir='ltr'>et</span> <span class='ocrx_word' id='word_1_144' title='bbox 254 2361 394 2444; x_wconf 85' lang='lat' dir='ltr'>zephyro</span> <span class='ocrx_word' id='word_1_145' title='bbox 416 2363 522 2446; x_wconf 89' lang='lat' dir='ltr'>putris</span> <span class='ocrx_word' id='word_1_146' title='bbox 545 2386 581 2429; x_wconf 87' lang='lat' dir='ltr'>se</span> <span class='ocrx_word' id='word_1_147' title='bbox 602 2365 716 2450; x_wconf 87' lang='lat' dir='ltr'>glaeba</span> <span class='ocrx_word' id='word_1_148' title='bbox 737 2366 884 2449; x_wconf 86' lang='lat' dir='ltr'>resolvit,</span> 
     </span>
     <span class='ocr_line' id='line_1_23' title="bbox 59 2456 1049 2541; baseline 0.009 -23"><span class='ocrx_word' id='word_1_149' title='bbox 59 2456 189 2541; x_wconf 90' lang='lat' dir='ltr'>depresso</span> <span class='ocrx_word' id='word_1_150' title='bbox 211 2457 347 2541; x_wconf 83' lang='lat' dir='ltr'>incipiat</span> <span class='ocrx_word' id='word_1_151' title='bbox 369 2458 434 2524; x_wconf 88' lang='lat' dir='ltr'>iam</span> <span class='ocrx_word' id='word_1_152' title='bbox 456 2463 528 2524; x_wconf 88' lang='lat' dir='ltr'>turn</span> <span class='ocrx_word' id='word_1_153' title='bbox 549 2461 630 2526; x_wconf 89' lang='lat' dir='ltr'>mihi</span> <span class='ocrx_word' id='word_1_154' title='bbox 651 2466 765 2526; x_wconf 87' lang='lat' dir='ltr'>taurus</span> <span class='ocrx_word' id='word_1_155' title='bbox 788 2467 894 2526; x_wconf 86' lang='lat' dir='ltr'>aratro</span> <span class='ocrx_word' id='word_1_156' title='bbox 1015 2480 1049 2528; x_wconf 75' lang='lat' dir='ltr'>ao</span> 
     </span>
     <span class='ocr_line' id='line_1_24' title="bbox 59 2553 1030 2642; baseline 0.007 -25"><span class='ocrx_word' id='word_1_157' title='bbox 59 2553 199 2638; x_wconf 86' lang='lat' dir='ltr'>ingemere</span> <span class='ocrx_word' id='word_1_158' title='bbox 226 2559 259 2618; x_wconf 88' lang='lat' dir='ltr'>et</span> <span class='ocrx_word' id='word_1_159' title='bbox 282 2554 371 2620; x_wconf 90' lang='lat' dir='ltr'>sulco</span> <span class='ocrx_word' id='word_1_160' title='bbox 394 2557 527 2621; x_wconf 86' lang='lat' dir='ltr'>attritus</span> <span class='ocrx_word' id='word_1_161' title='bbox 550 2559 767 2642; x_wconf 82' lang='lat' dir='ltr'>splendescere</span> <span class='ocrx_word' id='word_1_162' title='bbox 788 2581 906 2624; x_wconf 80' lang='lat' dir='ltr'>vomer.</span> <span class='ocrx_word' id='word_1_163' title='bbox 989 2587 1030 2634; x_wconf 61' lang='grc' dir='ltr'>ψ</span> 
     </span>
     <span class='ocr_line' id='line_1_25' title="bbox 59 2649 772 2738; baseline 0.011 -25"><span class='ocrx_word' id='word_1_164' title='bbox 59 2649 102 2713; x_wconf 89' lang='lat' dir='ltr'>illa</span> <span class='ocrx_word' id='word_1_165' title='bbox 122 2671 209 2736; x_wconf 85' lang='lat' dir='ltr'>seges</span> <span class='ocrx_word' id='word_1_166' title='bbox 233 2651 360 2716; x_wconf 87' lang='lat' dir='ltr'>demum</span> <span class='ocrx_word' id='word_1_167' title='bbox 381 2653 467 2717; x_wconf 82' lang='lat' dir='ltr'>votis</span> <span class='ocrx_word' id='word_1_168' title='bbox 490 2655 661 2738; x_wconf 86' lang='lat' dir='ltr'>respondet</span> <span class='ocrx_word' id='word_1_169' title='bbox 684 2657 772 2720; x_wconf 85' lang='lat' dir='ltr'>avari</span> 
     </span>
     <span class='ocr_line' id='line_1_26' title="bbox 60 2747 880 2838; baseline 0.011 -28"><span class='ocrx_word' id='word_1_170' title='bbox 60 2747 210 2832; x_wconf 82' lang='lat' dir='ltr'>agricolae,</span> <span class='ocrx_word' id='word_1_171' title='bbox 232 2747 284 2812; x_wconf 88' lang='lat' dir='ltr'>bis</span> <span class='ocrx_word' id='word_1_172' title='bbox 308 2770 389 2832; x_wconf 87' lang='lat' dir='ltr'>quae</span> <span class='ocrx_word' id='word_1_173' title='bbox 412 2750 525 2836; x_wconf 81' lang='lat' dir='ltr'>solem,</span> <span class='ocrx_word' id='word_1_174' title='bbox 548 2753 599 2816; x_wconf 88' lang='lat' dir='ltr'>bis</span> <span class='ocrx_word' id='word_1_175' title='bbox 621 2753 744 2838; x_wconf 83' lang='lat' dir='ltr'>frigora</span> <span class='ocrx_word' id='word_1_176' title='bbox 767 2754 880 2838; x_wconf 79' lang='lat' dir='ltr'>sensit3</span> 
     </span>
     <span class='ocr_line' id='line_1_27' title="bbox 57 2842 786 2929; baseline 0.012 -23"><span class='ocrx_word' id='word_1_177' title='bbox 57 2842 128 2907; x_wconf 89' lang='lat' dir='ltr'>illius</span> <span class='ocrx_word' id='word_1_178' title='bbox 148 2845 321 2910; x_wconf 86' lang='lat' dir='ltr'>immensae</span> <span class='ocrx_word' id='word_1_179' title='bbox 343 2852 500 2929; x_wconf 88' lang='lat' dir='ltr'>ruperunt</span> <span class='ocrx_word' id='word_1_180' title='bbox 522 2849 637 2914; x_wconf 87' lang='lat' dir='ltr'>horrea</span> <span class='ocrx_word' id='word_1_181' title='bbox 658 2872 786 2915; x_wconf 89' lang='lat' dir='ltr'>messes.</span> 
     </span>
     <span class='ocr_line' id='line_1_28' title="bbox 58 2942 1048 3033; baseline 0.011 -30"><span class='ocrx_word' id='word_1_182' title='bbox 58 2944 83 3003; x_wconf 89' lang='lat' dir='ltr'>at</span> <span class='ocrx_word' id='word_1_183' title='bbox 100 2942 184 3025; x_wconf 85' lang='lat' dir='ltr'>prius</span> <span class='ocrx_word' id='word_1_184' title='bbox 207 2943 358 3027; x_wconf 89' lang='lat' dir='ltr'>ignotum</span> <span class='ocrx_word' id='word_1_185' title='bbox 379 2945 464 3008; x_wconf 88' lang='lat' dir='ltr'>ferro</span> <span class='ocrx_word' id='word_1_186' title='bbox 489 2967 585 3030; x_wconf 89' lang='lat' dir='ltr'>quam</span> <span class='ocrx_word' id='word_1_187' title='bbox 609 2947 781 3012; x_wconf 88' lang='lat' dir='ltr'>scindimus</span> <span class='ocrx_word' id='word_1_188' title='bbox 805 2969 938 3033; x_wconf 86' lang='lat' dir='ltr'>aequor,</span> <span class='ocrx_word' id='word_1_189' title='bbox 1014 2967 1048 3016; x_wconf 78' lang='lat' dir='ltr'>uo</span> 
     </span>
     <span class='ocr_line' id='line_1_29' title="bbox 57 3041 819 3126; baseline 0.012 -26"><span class='ocrx_word' id='word_1_190' title='bbox 57 3043 151 3102; x_wconf 79' lang='lat' dir='ltr'>ventos</span> <span class='ocrx_word' id='word_1_191' title='bbox 173 3047 206 3103; x_wconf 89' lang='lat' dir='ltr'>et</span> <span class='ocrx_word' id='word_1_192' title='bbox 228 3041 355 3105; x_wconf 85' lang='lat' dir='ltr'>varium</span> <span class='ocrx_word' id='word_1_193' title='bbox 376 3042 456 3105; x_wconf 90' lang='lat' dir='ltr'>caeli</span> <span class='ocrx_word' id='word_1_194' title='bbox 478 3045 676 3126; x_wconf 85' lang='lat' dir='ltr'>praediscere</span> <span class='ocrx_word' id='word_1_195' title='bbox 697 3067 819 3110; x_wconf 88' lang='lat' dir='ltr'>morem</span> 
     </span>
     <span class='ocr_line' id='line_1_30' title="bbox 57 3137 973 3229; baseline 0.013 -33"><span class='ocrx_word' id='word_1_196' title='bbox 57 3155 116 3197; x_wconf 87' lang='lat' dir='ltr'>cura</span> <span class='ocrx_word' id='word_1_197' title='bbox 137 3137 179 3200; x_wconf 89' lang='lat' dir='ltr'>sit</span> <span class='ocrx_word' id='word_1_198' title='bbox 201 3159 238 3200; x_wconf 92' lang='lat' dir='ltr'>ac</span> <span class='ocrx_word' id='word_1_199' title='bbox 260 3138 384 3221; x_wconf 88' lang='lat' dir='ltr'>patrios</span> <span class='ocrx_word' id='word_1_200' title='bbox 408 3139 577 3225; x_wconf 88' lang='lat' dir='ltr'>cultusque</span> <span class='ocrx_word' id='word_1_201' title='bbox 598 3141 794 3226; x_wconf 81' lang='lat' dir='ltr'>habitusque</span> <span class='ocrx_word' id='word_1_202' title='bbox 816 3144 973 3229; x_wconf 82' lang='lat' dir='ltr'>locorum,</span> 
     </span>
    </p>
   </div>
   <div class='ocr_carea' id='block_1_5' title="bbox 56 3233 1029 3422">
    <p class='ocr_par' dir='ltr' id='par_1_8' title="bbox 56 3233 1029 3422">
     <span class='ocr_line' id='line_1_31' title="bbox 57 3233 1029 3324; baseline 0.012 -30"><span class='ocrx_word' id='word_1_203' title='bbox 57 3233 169 3316; x_wconf 86' lang='lat' dir='ltr'>etquid</span> <span class='ocrx_word' id='word_1_204' title='bbox 191 3255 336 3317; x_wconf 86' lang='lat' dir='ltr'>quaeque</span> <span class='ocrx_word' id='word_1_205' title='bbox 358 3236 441 3300; x_wconf 82' lang='lat' dir='ltr'>ferat</span> <span class='ocrx_word' id='word_1_206' title='bbox 463 3238 553 3323; x_wconf 89' lang='lat' dir='ltr'>regio</span> <span class='ocrx_word' id='word_1_207' title='bbox 576 3242 609 3302; x_wconf 91' lang='lat' dir='ltr'>et</span> <span class='ocrx_word' id='word_1_208' title='bbox 632 3239 709 3322; x_wconf 90' lang='lat' dir='ltr'>quid</span> <span class='ocrx_word' id='word_1_209' title='bbox 732 3261 876 3324; x_wconf 88' lang='lat' dir='ltr'>quaeque</span> <span class='ocrx_word' id='word_1_210' title='bbox 898 3247 1029 3306; x_wconf 87' lang='lat' dir='ltr'>recuset.</span> 
     </span>
     <span class='ocr_line' id='line_1_32' title="bbox 56 3324 756 3422; baseline 0.013 -31"><span class='ocrx_word' id='word_1_211' title='bbox 56 3324 96 3392; x_wconf 92' lang='lat' dir='ltr'>hic</span> <span class='ocrx_word' id='word_1_212' title='bbox 115 3334 249 3416; x_wconf 84' lang='lat' dir='ltr'>segetes,</span> <span class='ocrx_word' id='word_1_213' title='bbox 271 3331 338 3396; x_wconf 91' lang='lat' dir='ltr'>illic</span> <span class='ocrx_word' id='word_1_214' title='bbox 359 3333 493 3397; x_wconf 81' lang='lat' dir='ltr'>ueniunt</span> <span class='ocrx_word' id='word_1_215' title='bbox 516 3334 640 3399; x_wconf 85' lang='lat' dir='ltr'>felicius</span> <span class='ocrx_word' id='word_1_216' title='bbox 663 3359 756 3422; x_wconf 86' lang='lat' dir='ltr'>uvae,</span> 
     </span>
    </p>
   </div>
   <div class='ocr_carea' id='block_1_6' title="bbox 56 3425 1045 3615">
    <p class='ocr_par' dir='ltr' id='par_1_9' title="bbox 56 3425 1045 3615">
     <span class='ocr_line' id='line_1_33' title="bbox 56 3425 1045 3515; baseline 0.013 -27"><span class='ocrx_word' id='word_1_217' title='bbox 56 3425 162 3490; x_wconf 86' lang='lat' dir='ltr'>arborei</span> <span class='ocrx_word' id='word_1_218' title='bbox 182 3429 270 3492; x_wconf 86' lang='lat' dir='ltr'>fetus</span> <span class='ocrx_word' id='word_1_219' title='bbox 293 3428 385 3515; x_wconf 84' lang='lat' dir='ltr'>alibi,</span> <span class='ocrx_word' id='word_1_220' title='bbox 408 3433 505 3514; x_wconf 86' lang='lat' dir='ltr'>atque</span> <span class='ocrx_word' id='word_1_221' title='bbox 527 3431 650 3496; x_wconf 88' lang='lat' dir='ltr'>iniussa</span> <span class='ocrx_word' id='word_1_222' title='bbox 672 3435 835 3499; x_wconf 82' lang='lat' dir='ltr'>virescunt</span> <span class='ocrx_word' id='word_1_223' title='bbox 1012 3451 1045 3500; x_wconf 80' lang='lat' dir='ltr'>oo</span> 
     </span>
     <span class='ocr_line' id='line_1_34' title="bbox 56 3526 972 3615; baseline 0.007 -27"><span class='ocrx_word' id='word_1_224' title='bbox 56 3526 188 3612; x_wconf 79' lang='lat' dir='ltr'>gramina</span> <span class='ocrx_word' id='word_1_225' title='bbox 232 3548 341 3591; x_wconf 90' lang='lat' dir='ltr'>nonne</span> <span class='ocrx_word' id='word_1_226' title='bbox 363 3527 451 3615; x_wconf 76' lang='lat' dir='ltr'>uides</span> <span class='ocrx_word' id='word_1_227' title='bbox 475 3550 602 3593; x_wconf 86' lang='lat' dir='ltr'>croceos</span> <span class='ocrx_word' id='word_1_228' title='bbox 627 3535 664 3594; x_wconf 92' lang='lat' dir='ltr'>ut</span> <span class='ocrx_word' id='word_1_229' title='bbox 687 3531 821 3596; x_wconf 80' lang='lat' dir='ltr'>Tmolus</span> <span class='ocrx_word' id='word_1_230' title='bbox 846 3531 972 3613; x_wconf 87' lang='lat' dir='ltr'>odores,</span> 
     </span>
    </p>
   </div>
   <div class='ocr_carea' id='block_1_7' title="bbox 0 0 1280 3958">
    <p class='ocr_par' dir='ltr' id='par_1_10' title="bbox 0 0 1280 3958">
     <span class='ocr_line' id='line_1_35' title="bbox 0 0 1280 3958; baseline 0 1"><span class='ocrx_word' id='word_1_231' title='bbox 0 0 1280 3958; x_wconf 95' lang='lat' dir='ltr'> </span> 
     </span>
    </p>
   </div>
  </div>
 </body>
</html>
