2574 3964
350 242 499 297 VERGILI
519 239 728 299 GEORGICON
746 245 772 298 11
1025 243 1066 308 57

73 407 223 488 urgerent:
244 404 307 469 hoc
331 405 448 470 effusos
471 407 636 470 munimen
659 407 698 471 ad
720 407 854 493 imbres,

72 502 136 586 hoo,
156 502 212 566 ubi
233 502 341 567 hiulca
365 503 420 566 siti
443 503 537 568 findit
560 503 647 568 canis
671 504 809 587 aestiper
833 526 915 567 arva.

110 596 286 663 Seminibus
309 599 427 682 positis
452 604 597 683 superest
620 599 766 664 diducere
788 604 908 664 terram

74 695 187 778 saepius
211 695 250 759 ad
273 696 379 778 capita
401 699 433 759 et
456 695 553 760 duros
576 696 695 761 iactare
718 697 872 782 bidentis,
1017 711 1068 760 sss

74 796 119 856 aut
139 815 249 876 presso
274 814 417 856 exercere
441 793 546 858 solum
569 793 628 856 sub
652 816 779 858 vomere
802 794 928 877 etipsa

73 889 185 954 flectere
208 889 362 954 luctantis
386 889 470 952 inter
492 889 601 954 vineta
622 891 789 976 iuvencos3

73 993 132 1050 turn
152 987 233 1051 levis
257 987 396 1051 calamos
420 990 452 1050 et
474 1009 565 1051 rasae
587 987 718 1052 hastilia
740 989 849 1074 virgae

73 1085 283 1168 fraxineasque
306 1087 416 1166 aptare
439 1084 533 1146 sudes
556 1085 724 1168 furcasque
746 1085 897 1170 valentis,

74 1181 183 1246 viribus
207 1181 288 1244 eniti
311 1203 447 1264 quarum
469 1183 501 1244 et
525 1184 725 1246 contemnere
747 1186 860 1246 ventos
1016 1199 1068 1248 sao

74 1279 248 1343 adsuescant
272 1299 476 1361 summasque
499 1278 590 1360 sequi
612 1278 758 1342 tabulata
780 1301 837 1363 per
859 1281 972 1344 ulmos.

108 1375 151 1440 Ac
173 1377 251 1440 dum
272 1375 376 1458 prima
398 1375 491 1439 novis
515 1375 668 1440 adolescit
689 1377 857 1442 frondibus
881 1382 982 1463 aetas,

73 1473 252 1556 parcendum
274 1473 408 1558 teneris,
431 1475 463 1536 et
485 1472 562 1536 dum
585 1494 619 1537 se
640 1474 744 1538 laetus
768 1477 808 1539 ad
831 1498 924 1540 auras

72 1571 179 1655 palmes
204 1570 273 1655 agit
295 1569 378 1632 laxis
402 1591 459 1653 per
481 1591 599 1652 purum
620 1571 783 1637 immissus
806 1571 953 1657 habenis,

73 1670 132 1751 ipsa
153 1667 220 1732 acie
241 1667 385 1730 nondum
407 1666 498 1730 falcis
521 1669 720 1754 temptanda,
744 1669 799 1733 sed
821 1671 912 1734 uncis
1016 1687 1066 1735 sss

73 1766 234 1849 carpendae
255 1763 404 1828 manibus
427 1763 555 1828 frondes
578 1764 725 1849 interque
746 1767 905 1852 legendae.

72 1865 132 1928 inde
153 1862 213 1926 ubi
234 1861 300 1925 11111
322 1860 436 1923 validis
460 1862 623 1944 amplexae
646 1864 802 1946 stirpibus
825 1866 930 1929 ulmos

72 1961 210 2044 exierint,
233 1961 305 2022 tum
328 1958 450 2041 stringe
473 1979 593 2044 comas,
615 1963 686 2024 ium
708 1960 856 2025 bracchia
878 1963 975 2026 tonde
1025 2021 1029 2030 .

72 2057 149 2143 [jana
173 2055 383 2120 reformidant
405 2053 554 2142 ferrum),
576 2060 647 2120 tum
671 2058 806 2141 denique
830 2059 909 2122 dura

71 2176 169 2218 exerce
190 2152 325 2236 imperia
347 2155 380 2215 et
402 2173 508 2216 ramos
532 2174 695 2236 compesce
717 2154 855 2219 fluentis.
1015 2174 1067 2222 oro

107 2251 269 2315 Texendae
293 2269 402 2332 saepes
426 2249 523 2312 etiam
547 2253 579 2312 et
601 2271 697 2334 pecus
722 2271 815 2316 omne
837 2252 1023 2337 tenendum,

70 2349 227 2432 praecipue
250 2347 326 2410 dum
348 2347 438 2410 frons
461 2350 572 2412 tenera
594 2347 830 2431 inprudensque
852 2347 1013 2431 laborum3

71 2445 152 2530 *11111
175 2466 271 2528 super
293 2443 442 2528 indignas
464 2443 586 2509 hiemes
609 2445 772 2528 solemque
793 2447 954 2527 potentem

72 2543 225 2608 silvestres
249 2540 300 2604 uri
324 2540 454 2604 adsidue
477 2563 670 2626 capreaeque
693 2563 842 2624 sequaces

72 2641 210 2705 inludunt
216 2693 225 2726 ‚
247 2642 424 2723 pascuntur
447 2660 521 2704 oves
545 2639 717 2722 avidaeque
740 2636 912 2722 iuvencas]
1015 2655 1067 2704 375

71 2739 181 2824 frigora
202 2758 262 2801 nec
283 2740 412 2800 tantum
434 2757 512 2800 cana
535 2742 682 2802 concreta
703 2736 819 2820 pruina

72 2839 117 2898 aut
139 2834 247 2920 gravis
271 2832 457 2896 incumbens
481 2835 621 2918 scopulis
646 2833 811 2898 arentibus
836 2838 954 2918 aestas,

72 2937 216 3014 quantum
239 2930 288 2995 1111
309 2951 447 2994 nocuere
469 2951 583 3016 greges
606 2932 741 3014 durique
763 2953 921 2995 venenum

72 3028 162 3093 dentis
186 3033 219 3092 et
244 3027 283 3092 ad
305 3047 448 3091 morsum
472 3028 598 3112 signata
621 3028 656 3091 in
679 3028 779 3111 stirpe
802 3027 941 3091 cicatrix.

71 3144 127 3188 non
147 3126 243 3190 aliam
268 3125 309 3190 ob
334 3125 460 3208 culpam
477 3124 602 3189 Baccho
627 3147 720 3208 caper
739 3123 887 3188 omnibus
912 3126 974 3188 aris
1016 3141 1068 3190 380

72 3223 200 3288 caeditur
223 3225 256 3286 et
278 3203 401 3286 veteies
424 3221 536 3286 ineunt
559 3221 745 3306 proscaenia
768 3222 851 3306 ludi,

71 3319 263 3403 praemiaque
285 3318 425 3402 ingeniis
448 3340 549 3404 pagos
574 3323 605 3383 et
628 3320 768 3402 compita
791 3319 910 3383 circum

72 3412 214 3481 Thesidae
238 3437 390 3500 posuere,
414 3419 511 3498 atque
533 3417 619 3480 inter
641 3417 755 3500 pocula
776 3416 854 3480 laeti

71 3512 210 3577 mollibus
233 3513 269 3576 in
292 3512 394 3594 pratis
418 3517 532 3576 unctos
557 3513 680 3576 saluere
704 3533 760 3595 per
783 3515 880 3575 utres.
