2538 3970
175 265 239 328 276
483 263 631 318 VERGILI
649 263 781 316 AENEIS
799 263 865 316 VIII

173 426 209 490 hi
231 427 352 492 bellum
375 427 504 492 adsidue
528 427 648 490 ducunt
672 447 744 488 cum
767 429 862 509 gente
884 425 1014 510 Latina,
1149 444 1184 492 55

174 523 234 586 hos
258 523 371 586 castris
395 521 511 586 adhibe
536 523 639 587 socios
663 526 695 586 01
718 522 845 585 foedera
863 521 969 606 iunge.

174 619 243 701 ipse
267 639 325 703 ego
349 623 381 683 te
403 620 483 704 ripis
506 622 647 683 0110010
671 617 802 682 flumine
825 619 947 703 ducam,

175 715 340 780 adversum
364 716 461 780 r'emis
485 737 614 800 superes
638 715 809 779 subvectus
832 719 869 780 ut
893 738 1026 780 amnem.

176 833 270 898 surge
294 834 361 900 age,
382 817 458 878 nate
481 812 547 899 dea,
569 813 745 896 primisque
768 811 955 876 cadentibus
979 813 1076 876 astris

174 907 291 974 Iunoni
312 910 360 973 fer
384 909 446 973 rite
468 930 576 993 preces
599 909 744 992 iramque
766 907 933 990 minasque
1149 929 1185 976 oc

176 1005 373 1090 supplicibus
398 1027 513 1088 supera
534 1005 628 1069 votis.
673 1004 755 1068 mihi
777 1005 880 1068 victor
902 1003 1059 1069 honorem

174 1104 345 1187 persolves.
392 1123 450 1187 ego
471 1124 551 1187 sum,
573 1102 667 1185 pleno
692 1123 787 1186 quem
808 1101 939 1165 flumine
962 1103 1065 1166 cernis

104 1205 105 1212 ’
175 1201 387 1286 stringentem
409 1200 496 1283 ripas
519 1203 551 1263 et
574 1199 707 1284 pinguia
730 1199 816 1262 culta
839 1202 1009 1284 secantem,

127 1299 130 1353 ἵ
172 1298 336 1378 caeruleus
361 1295 510 1381 Thybris,
520 1295 619 1382 pacto
643 1295 845 1379 gratissimus
869 1295 980 1361 amnis

174 1395 227 1459 hic
248 1393 328 1458 mihi
350 1413 468 1478 magna
491 1392 613 1477 domus,
636 1391 728 1455 celsis
753 1395 848 1475 caput
870 1390 1017 1476 urbibus,
1041 1391 1127 1476 exit}
1149 1411 1185 1458 65

219 1489 320 1577 Dixit,
343 1489 454 1554 deinde
476 1489 548 1554 lacu
570 1488 687 1552 fluvius
711 1509 745 1552 30
768 1487 908 1578 condidit
932 1488 1009 1573 alto,
1038 1535 1041 1539 -

174 1589 239 1652 ima
261 1592 386 1672 petens3
408 1608 473 1650 nox
496 1585 627 1650 Aenean
650 1584 1006 1668 somnusquereliquit.

175 1685 280 1769 surgit
303 1688 335 1748 et
359 1683 492 1748 aetherii
515 1686 662 1766 spectans
686 1682 822 1746 orientia
846 1681 924 1745 30113

173 1783 295 1846 lumina
316 1781 378 1846 rite
401 1780 486 1844 cavis
509 1779 627 1843 undam
649 1779 687 1843 de
709 1779 840 1844 flumine
863 1779 980 1862 palmis

175 1879 313 1943 sustinet
336 1899 372 1941 ac
394 1877 470 1941 talis
493 1877 628 1941 effundit
651 1877 691 1940 ad
713 1875 842 1940 aethera
864 1897 970 1940 voces:
1148 1897 1184 1943 10

145 1985 149 1993 “
174 1975 354 2060 nymphae,
375 1973 549 2038 Laurentes
572 1973 741 2059 nymphae,
764 1994 864 2058 genus
883 1973 1031 2038 amnibus
1055 1975 1185 2062 undest,

173 2077 281 2157 tuque,
305 2094 323 2136 o
347 2071 470 2155 Thybri
492 2074 549 2134 tuo
573 2070 699 2155 genitor
723 2093 795 2134 cum
817 2071 947 2134 flumine
971 2076 1091 2157 sancto,

173 2168 306 2252 accipite
328 2166 459 2231 Aenean
482 2171 513 2230 et
537 2167 665 2231 tandem
688 2173 791 2232 arcete
814 2168 950 2252 periclis.

173 2288 236 2350 quo
259 2269 449 2348 tecumque
472 2264 560 2328 lacus
583 2265 789 2328 miserantem
811 2265 1013 2331 incommoda
1035 2270 1151 2330 nostra

174 2365 263 2428 fonte
285 2365 383 2446 tenet,
407 2383 606 2445 quocumque
630 2362 698 2425 1010
721 2361 955 2445 pulcherrimus
978 2364 1055 2449 exis,
1148 2383 1184 2429 11

172 2481 296 2543 semper
318 2459 441 2522 honore
462 2479 544 2544 meo,
566 2480 689 2542 semper
712 2459 911 2524 celebrabere
934 2460 1037 2546 donis,

172 2557 317 2642 corniger
339 2554 543 2638 hesperidum
566 2555 683 2620 fluvius
706 2560 858 2642 regnator
882 2579 1045 2641 aquarum.

172 2654 257 2718 adsis
281 2675 299 2716 0
322 2655 449 2716 tantum
472 2656 504 2715 ct
526 2653 660 2736 propius
683 2657 740 2716 tua
761 2653 895 2718 numina
917 2653 1045 2718 firmes?

172 2752 218 2814 sic
240 2753 395 2814 memorat
418 2749 624 2834 geminasque
647 2750 727 2834 legit
751 2751 789 2814 de
812 2751 912 2814 classe
935 2751 1067 2816 biremis

171 2847 368 2932 remigioque
391 2849 490 2931 aptat,
514 2847 617 2910 socios
642 2847 738 2910 simul
759 2848 894 2912 instruit
918 2849 1023 2912 armis
1147 2869 1185 2916 80

215 2946 296 3009 Ecce
311 2949 418 3008 autem
437 2944 581 3008 subitum
600 2948 696 3027 atque
711 2944 812 3009 oculis
827 2946 974 3010 mirabile
988 2951 1186 3033 monstrum,

171 3042 302 3107 candida
324 3064 381 3125 per
405 3042 519 3106 silvam
542 3062 614 3105 curn
636 3042 704 3105 fetu
727 3043 876 3107 concolor
899 3042 973 3107 albo

170 3139 342 3224 procubuit
364 3138 522 3221 viridique
545 3138 580 3201 111
601 3138 697 3202 litore
720 3140 916 3223 conspicitur
939 3163 1003 3204 sus.

171 3260 267 3322 quam
289 3237 361 3320 pius
385 3235 510 3300 Aeneas
533 3235 595 3299 tibi
619 3237 712 3323 enim,
734 3237 806 3322 tibi,
828 3260 977 3302 maxuma
999 3235 1090 3322 Iunc,

169 3337 290 3398 mactat
314 3355 402 3396 sacra
425 3335 529 3396 ferens
554 3337 586 3396 et
609 3354 681 3397 cum
703 3354 799 3418 grege
822 3334 910 3398 sistit
934 3333 974 3397 ad
997 3356 1094 3398 aram.
1148 3352 1186 3400 85

124 3443 128 3520 ¹3,
170 3431 310 3514 Thybris
335 3451 371 3492 ea
394 3429 536 3516 fluvium,
559 3452 655 3514 quam
678 3431 775 3516 longa
798 3436 857 3517 031,
878 3435 972 3496 nocte
996 3437 1181 3498 tumentem

124 3591 125 3599 ,
169 3530 271 3615 leniit,
296 3531 327 3591 01
350 3527 448 3590 tacita
470 3528 605 3592 refluens
628 3528 675 3592 ita
699 3528 846 3593 substitit
869 3529 962 3615 unda,
