2580 3962
278 243 308 298 P.
325 243 472 298 VERGILI
490 244 654 299 MARONIS
674 245 869 300 NARRATIO.
1028 242 1079 297 XV

63 425 201 486 rumque
225 405 348 486 idylliis
374 405 485 468 stilum
509 406 659 490 exercuit,
682 428 819 489 quorum
841 407 989 470 laborum
1007 428 1079 470 cum

64 501 208 562 frustula
228 501 384 583 quaedam
402 502 629 566 venustissima
648 504 702 566 ecl.
717 502 763 567 lX
777 504 819 568 23
829 527 896 588 sqq.
913 509 944 568 et
959 505 1000 567 39
1010 525 1078 587 sqq.

63 597 188 679 laudet,
216 618 258 660 ne
281 597 407 681 integra
432 599 559 680 quidem
583 600 721 664 carmina
744 600 890 683 latuisse,
919 601 974 664 sed
995 601 1080 664 inter

63 693 187 758 amicos
207 694 328 756 tradita
347 697 379 756 et
397 695 531 757 recitata
550 717 618 758 esse
638 697 831 760 crediderim.
867 702 942 780 post
960 719 1080 760 annum

63 813 140 854 vero
164 792 227 854 711
254 791 350 854 etiam
368 791 443 854 Iulii
463 789 608 855 Caesaris
631 813 749 856 numen
772 793 911 876 propriis
933 791 1079 856 versibus

62 887 251 971 celebravit,
275 908 413 970 quorum
435 887 623 952 initium-in
646 889 754 952 eadem
777 889 887 973 ecloga
910 912 938 952 r.
955 889 998 952 46
1010 911 1078 972 sqq.

61 984 234 1066 repetitur.

157 1077 220 1142 Sed
251 1080 325 1144 inde
357 1081 397 1144 ab
428 1102 511 1145 anno
543 1083 653 1146 eodem
684 1088 818 1147 exeunte
849 1085 924 1146 dum
952 1084 1079 1168 legatus

61 1176 172 1240 Pollio
198 1173 337 1240 Galliam
360 1177 608 1260 transpadanam
630 1179 774 1265 tenebat,
796 1178 960 1264 Vergilius
983 1181 1078 1244 modo

63 1273 157 1338 domi
174 1274 270 1336 modo
289 1275 324 1336 in
343 1275 474 1338 cohorte
496 1276 638 1358 potentis
662 1276 755 1340 amici
773 1281 919 1340 versatus
942 1276 1004 1340 hoc
1023 1299 1078 1360 po-

62 1371 232 1435 tissimum
256 1371 416 1458 auctorei)
441 1391 573 1454 poeseos
594 1393 709 1457 genus,
737 1371 826 1434 cuius
849 1371 913 1434 iam
936 1372 1079 1456 pulcher·

7 1449 8 1528 Ϊ
62 1469 150 1532 rima
170 1467 345 1550 specimina
364 1467 561 1552 exhibuerat,
583 1491 659 1551 prae
678 1469 749 1532 aliis
769 1469 843 1532 data
862 1491 958 1552 opera
977 1470 1079 1533 colere

62 1565 222 1630 instituit.
258 1586 334 1628 nam
358 1565 447 1628 edere
471 1565 576 1648 coepit
598 1570 682 1630 teste
701 1565 841 1630 Asconio
864 1563 1003 1629 Pediano
1028 1568 1079 1630 tu-

63 1663 164 1728 colicu
187 1683 288 1725 annos
311 1666 407 1724 natus
430 1661 578 1748 XXVIII,
600 1663 630 1728 h.
651 1684 676 1727 e.
700 1684 783 1726 anno
803 1663 908 1747 uass,
930 1663 1079 1747 intraque

63 1759 261 1842 triennium,
297 1759 388 1822 annis
424 1759 544 1822 scilicet
579 1758 778 1844 rra-715,
814 1759 946 1842 perfecit
983 1763 1078 1843 atque

64 1853 292 1942 emendavit3).
330 1856 474 1940 singulas
494 1861 600 1922 autem
623 1857 749 1939 eclogas
772 1857 807 1918 in
829 1856 1080 1939 prolegomenon

64 2084 192 2138 bucolica
213 2081 342 2136 nensiil'
363 2081 490 2134 Donatus
508 2099 535 2150 p.
551 2086 592 2149 58,
611 2087 652 2136 21.
692 2082 840 2152 ‘significat
861 2089 912 2135 aut
934 2083 1079 2137 Aeneidem

7 2165 9 2176 ’
64 2160 117 2208 aut
133 2159 210 2224 peste
226 2169 320 2222 sepum
334 2152 513 2219 Albanorum,
533 2170 600 2221 quae
613 2159 706 2220 coeptu
719 2153 810 2205 emnil
822 2154 963 2206 nominum
977 2156 1078 2222 asperi-

7 2237 9 2252 ’
64 2231 122 2278 tate
149 2223 309 2278 deterritus'
335 2221 446 2276 Servius
470 2223 507 2276 ad
530 2222 580 2276 ecl.
595 2222 635 2275 VI
653 2228 677 2276 3.
721 2223 770 2276 ‘nd
792 2223 864 2277 illud
885 2225 979 2290 refert,
1008 2227 1080 2292 quod

7 2321 11 2348 r
65 2295 196 2363 coepisset
214 2294 387 2348 Albanorum
407 2310 479 2364 repes
498 2300 522 2347 ct
541 2295 610 2348 belle
628 2295 773 2348 describere
797 2293 941 2362 Visellius,
964 2295 1010 2347 sed
1028 2302 1079 2349 ter·

7 2367 9 2386 '
65 2365 327 2488 mpmvpnpmnitale
345 2361 475 2418 carminis
494 2365 608 2418 desisset.
638 2364 763 2418 Iunilius
781 2365 867 2417 ulcis)
898 2364 983 2418 schol.
998 2365 1078 2420 Bern.

67 2452 118 2490 ec.
213 2478 218 2489 .

143 2515 164 2586 ¹)
183 2515 280 2584 Negat
296 2514 440 2568 Vahlenus
459 2513 516 2568 ind.
535 2513 599 2568 lect.
619 2513 739 2567 Berolin.
761 2517 828 2566 1888
852 2531 878 2582 p.
896 2519 919 2579 7,
943 2514 1010 2582 quia
1034 2531 1079 2568 ex-

67 2589 149 2640 cuset
162 2585 286 2639 Pollioni
295 2584 437 2654 Vergilius
456 2583 585 2638 bucolica
604 2584 728 2638 carmina
747 2584 807 2653 (ecl.
818 2583 857 2636 IV
868 2583 957 2652 initio,
972 2585 1012 2637 ΠΙ
1026 2590 1079 2654 84),

66 2674 119 2710 nec
139 2655 477 2723 ecl.VlH11sq.rerba
497 2654 608 2723 ‘accipe
630 2654 715 2708 iussis
739 2653 864 2708 carmina
888 2659 988 2723 coepta
1006 2657 1077 2709 tuis’

66 2726 201 2796 intellegi
219 2726 281 2779 vult
303 2725 359 2779 nisi
383 2726 417 2779 de
440 2725 494 2779 hoc
513 2725 572 2778 solo
592 2742 625 2778 ac
643 2741 678 2779 ne
697 2725 732 2778 de
751 2725 804 2777 hoc
827 2724 953 2793 quidem,
977 2727 1026 2779 sed
1046 2727 1080 2780 de

67 2798 125 2852 alio
151 2796 247 2850 nescio
269 2813 323 2864 quo
343 2795 451 2850 altioris
471 2795 542 2863 stili,
567 2795 641 2864 quod
660 2793 859 2848 detrectaverit
875 2799 960 2864 poeta
979 2814 1079 2867 suppo-

67 2869 123 2923 sito
155 2867 264 2921 scilicet
294 2866 376 2934 quasi
402 2883 452 2935 per
477 2865 570 2919 lusum
596 2866 734 2934 quendam
761 2865 884 2918 carmine
911 2884 967 2920 non
994 2867 1079 2924 iusso.

67 2940 172 3007 quarta
192 2938 305 3006 quidem
326 2937 424 3006 ecloga
443 2939 518 3006 quod
538 2937 638 3006 ‘paulo
657 2936 791 3003 maiora',
813 2936 925 2990 consule
945 2937 1032 3006 digna
1051 2955 1080 2992 se

68 3025 170 3064 canere
196 3009 354 3078 profitetur,
382 3025 438 3061 non
461 3008 586 3076 profecto
610 3007 673 3060 ideo
697 3007 844 3074 indignum
869 3023 919 3076 per
945 3025 975 3062 se
999 3011 1079 3062 tanto

68 3083 185 3134 anctore
210 3095 298 3150 genus
320 3079 481 3132 universum
506 3078 663 3147 significare
685 3077 782 3131 voluit.
820 3077 919 3144 quidni
943 3077 1017 3132 enim
1034 3079 1081 3133 vel

67 3151 206 3205 rusticam
224 3166 334 3202 musam
353 3166 370 3202 a
388 3149 459 3202 ruris
479 3149 592 3202 alumno
611 3148 666 3202 coli
685 3148 806 3201 suaserit
823 3147 933 3202 Pollio?

142 3239 163 3307 ⁸)
189 3239 266 3292 ‘eum
299 3243 399 3292 cerium
430 3239 466 3292 sit
497 3255 570 3304 euni,
603 3244 635 3291 ut
665 3237 802 3290 Asconius
832 3237 973 3291 Pedianus
997 3240 1080 3304 -dicil,

68 3309 218 3364 XXVIII
232 3325 320 3363 annes
336 3315 433 3362 nulum
452 3309 573 3362 bucolico
591 3309 720 3362 edidissc’
742 3307 849 3360 Probus
867 3326 894 3376 p.
911 3313 934 3374 7,
951 3313 965 3360 7
982 3307 1015 3362 K.
1045 3309 1079 3362 cf.

68 3381 145 3436 idem
163 3398 191 3449 p.
209 3386 232 3446 1,
248 3385 290 3432 12.
311 3377 422 3432 Servius
436 3377 562 3447 prolegg.
576 3378 668 3432 bucol.
687 3396 713 3446 p.
730 3383 746 3430 3
765 3377 825 3446 Tu,
846 3377 931 3430 schol.
947 3378 1027 3432 Bern.
1043 3380 1080 3432 ad
1183 3383 1185 3387 ’

68 3469 109 3521 ge.
125 3451 165 3504 IV
181 3455 242 3504 565.
269 3451 347 3504 ‘lunc
365 3451 390 3504 ei
403 3451 547 3518 proposuit
564 3449 654 3502 Pollio
671 3455 703 3502 ut
721 3465 830 3502 cnrnun
848 3449 996 3502 bucolicum
1014 3452 1079 3503 scri-

7 3545 9 3594 ξ
68 3523 242 3592 recesserunt
259 3537 320 3577 cum
334 3527 439 3574 constal
457 3520 576 3574 triennio
595 3521 733 3588 scripsisse
747 3526 771 3573 el
785 3519 950 3573 emendasse’
969 3518 1080 3572 Servius
