2530 3960
197 258 263 322 440
289 207 295 214 ⁸
652 212 754 310 coil.

198 441 237 482 en
260 421 293 482 el
316 417 473 482 Maenalio
499 441 579 502 quae
602 418 704 503 garrit
728 417 817 481 dulce
841 417 901 480 sub
926 421 1021 481 antro
1189 435 1204 480 9

242 516 361 580 rustica
384 515 523 599 pastoris
546 514 657 578 fistula
679 536 768 578 more
792 519 893 578 sonet.
935 591 937 598 y

199 615 275 674 sunt
299 616 331 675 εὴ
356 610 509 694 Cecropio
532 611 636 674 violae
659 612 696 674 de
719 611 798 676 flore
822 611 960 675 corollae
1177 627 1204 673 1³

244 712 391 792 sertaque
414 730 574 791 purpurea
597 708 685 772 lutea
707 709 809 772 mixta
831 729 918 791 rosa3

198 809 230 868 εὴ
255 827 335 888 quae
358 805 502 890 virgineo
526 805 627 868 libala
650 803 801 868 Achelois
825 805 865 868 ab
889 825 983 868 amne
1178 820 1206 866 15

242 903 311 967 lilia
333 903 479 967 vimineis
504 903 615 966 attulit
637 902 673 965 in
695 900 838 966 calathis.

200 1003 275 1064 suni
298 1005 329 1065 et
353 1001 480 1085 caseoli,
504 1021 584 1084 quos
608 1001 719 1063 iuncea
742 999 853 1063 fiscina
877 998 985 1081 siccat,

244 1102 319 1162 sunt
343 1097 520 1162 autumnali
543 1118 634 1161 cerea
655 1119 759 1180 pruna
782 1097 845 1180 die3

200 1200 275 1258 sunt
299 1199 331 1258 cl
353 1217 443 1258 mora
467 1197 607 1279 muenia,
629 1197 662 1256 εὴ
683 1194 780 1258 lentis
805 1215 867 1256 uva
889 1193 1025 1257 racemis

244 1295 276 1355 εὴ
298 1291 413 1374 pendet
436 1291 531 1354 iunco
554 1289 717 1354 caeruleus
742 1290 883 1354 cucumis

199 1393 427 1470 castaneasque
449 1408 546 1451 nuces
570 1390 602 1449 et
626 1407 722 1450 suave
746 1385 896 1450 rubentia
917 1385 1016 1449 mala:

244 1489 293 1550 esi
315 1484 368 1548 hic
389 1484 508 1548 munda
531 1481 637 1568 Ocres,
660 1487 708 1546 esi
731 1482 841 1568 Amor,
865 1487 915 1547 est
938 1481 1103 1548 Bromius

200 1587 249 1646 esi
272 1582 383 1665 tuguri
405 1585 524 1665 custos,
547 1583 689 1642 armatus
712 1579 791 1644 falce
816 1580 949 1664 saligna,

245 1678 298 1742 sed
320 1699 386 1742 non
404 1683 437 1741 et
460 1680 551 1740 vaslo
576 1680 624 1740 est
648 1676 779 1760 inguine
802 1676 966 1740 terribilis.

198 1777 261 1839 huc
284 1775 424 1858 calybiia
446 1774 531 1838 veni:
555 1774 660 1837 lassus
683 1773 748 1837 iam
772 1774 865 1838 sudat
884 1773 1016 1858 asellus3

243 1894 336 1956 parce
359 1871 417 1956 illi,
439 1869 558 1935 Vestae
581 1870 730 1934 delicium
754 1875 803 1935 esi
826 1871 943 1936 asinus.

198 1992 284 2034 nunc
307 1973 402 2033 cantu
426 1968 536 2032 crebro
560 1971 715 2050 rumpunt
739 1968 871 2033 arbusta
895 1969 1030 2053 cicadae,

243 2088 328 2130 nunc
350 2066 439 2129 varia
461 2066 495 2127 in
519 2065 623 2148 gelida
646 2065 719 2127 sede
741 2065 859 2129 lacerta
881 2065 969 2129 1εὴεὴ

200 2165 228 2228 si
252 2164 347 2248 sapis,
370 2162 491 2226 aestivo
515 2161 670 2226 recubans
693 2183 778 2225 nunc
801 2162 913 2245 prolue
936 2161 1022 2224 vitro

244 2283 300 2325 seu
322 2260 371 2323 vis
396 2259 547 2342 crystallo
571 2259 653 2322 ferre
675 2279 777 2322 novos
801 2258 921 2322 calices.

198 2359 251 2422 hic
275 2378 333 2442 age
355 2356 524 2440 pampinea
547 2356 651 2420 fessus
671 2355 833 2438 requiesce
853 2355 914 2418 sub
937 2354 1054 2418 umbra

245 2459 276 2519 εὴ
300 2453 467 2539 gravidum
490 2475 582 2517 roseo
606 2455 698 2517 necte
720 2456 816 2535 caput
842 2452 999 2536 strophio,

199 2554 375 2616 formosum
398 2553 525 2612 tenerae
549 2550 717 2631 decerpens
741 2570 798 2612 ora
820 2549 952 2632 puellae.

245 2673 263 2713 a
285 2652 394 2732 pereat
417 2647 468 2711 cui
492 2651 568 2711 sunt
591 2648 696 2730 prisca
719 2645 900 2729 supercilia!

201 2746 277 2831 quid
300 2744 398 2808 cineri
421 2744 549 2828 ingrato
575 2765 681 2807 servas
704 2742 785 2806 bene
809 2742 928 2807 olentia
952 2746 1062 2808 serta?

245 2864 326 2907 anne
350 2846 501 2905 coronato
526 2841 575 2905 vis
598 2841 703 2925 lapide
726 2841 790 2904 isla
812 2840 901 2924 legi?

201 2963 283 3024 pone
305 2961 427 3003 merum
452 2944 483 3002 εὴ
506 2939 599 3002 talos.
622 2942 732 3022 pereat
756 2938 811 3021 qui
835 2938 975 3002 crastina
998 2943 1105 3004 curat!

245 3057 331 3099 mors
356 3057 462 3098 aurem
486 3035 606 3098 vellens
631 3035 751 3099 ‘vivite'
776 3035 830 3119 aii,
853 3035 992 3101 ‘veni0’.'
