2552 3958
223 245 265 307 32
525 237 932 313 vuaornrcnouorcour

221 404 313 469 India
335 403 437 467 mittit
461 403 553 488 ebur,
575 401 688 474 molles
712 423 770 464 sua
793 406 866 464 tura
890 399 1017 486 Sabaei,

222 505 256 564 at
280 499 438 585 Chalybes
461 501 539 564 nudi
561 500 695 583 ferrum,
716 498 886 581 virosaque
908 497 1031 563 Pontus

222 603 378 684 castorea,
400 599 552 662 Eliadum
573 597 696 680 palmas
719 595 837 678 Epiros
862 596 1036 679 equarum?

222 695 374 758 continuo
396 693 456 757 has
478 693 565 778 leges
589 696 780 775 aeternaque
801 692 929 757 foedera
952 693 1047 758 certis
1193 713 1219 759 oo

221 791 378 875 imposuit
400 795 516 855 natura
538 789 631 875 locis,
654 810 718 872 quo
742 793 885 873 tempore
907 790 1047 874 primum

221 888 400 953 Deucalion
420 910 556 952 vacuom
577 886 699 970 lapides
722 886 855 950 iactavit
877 887 913 950 in
935 888 1058 973 orbem,

222 987 305 1050 unde
327 986 474 1051 homines
496 985 588 1072 natip
601 985 735 1078 51.th
736 1003 867 1076 genus
894 1005 970 1068 ergo
994 1005 1067 1070 age,
1089 989 1188 1050 terrae

222 1083 341 1167 pingue
365 1082 469 1146 solum
490 1081 603 1165 primis
627 1080 786 1162 extemplo
810 1103 828 1143 a
850 1080 1015 1145 mensibus
1039 1083 1114 1145 anni

219 1181 348 1272 QQ
346 1183 521 1266 invertant
534 1179 634 1270 tauri,
656 1178 850 1262 glaebasque
873 1177 1005 1242 iacentis
1194 1199 1221 1246 aa

150 1307 168 1360 χ
223 1265 446 1360 pulverulenta
469 1262 586 1357 coquat
607 1274 743 1338 maturis
767 1275 890 1338 solibus
914 1280 1032 1361 aestas3

224 1377 258 1436 at
281 1374 309 1436 si
331 1394 398 1436 non
419 1372 517 1437 fuerit
539 1371 636 1435 tellus
659 1371 807 1457 fecunda,
830 1372 891 1436 sub
914 1372 1022 1456 ipsum

224 1473 387 1533 arcturum
409 1469 501 1533 tenui
523 1471 574 1532 sat
597 1467 657 1531 erit
681 1468 873 1551 suspendere
897 1468 1001 1532 sulco:

224 1567 304 1651 illic,
328 1566 471 1630 officiant
493 1565 587 1629 laetis
609 1586 650 1628 ne
672 1565 821 1648 frugibus
843 1564 983 1650 herbae,¹

223 1663 290 1749 hic,
313 1664 454 1728 sterilem
477 1663 611 1746 exiguus
633 1683 674 1724 ne
697 1662 822 1726 deserat
844 1684 938 1726 umor
960 1662 1120 1732 harenam.
1196 1687 1222 1732 rc

268 1760 412 1824 Alternis
435 1761 520 1824 idem
541 1764 652 1824 tonsas
676 1780 800 1822 cessare
821 1760 961 1846 novalis,

224 1863 257 1922 et
280 1878 409 1942 segnem
431 1857 552 1941 patiere
576 1857 641 1920 situ
664 1856 828 1920 durescere
851 1879 1009 1942 campum3
1052 1867 1055 1875 '

225 1959 281 2020 aut
303 1953 350 2018 ibi
372 1953 455 2018 flava
479 1975 563 2017 seres
586 1956 712 2016 mutato
736 1953 837 2016 sidere
859 1954 959 2038 farra,

223 2052 307 2116 unde
329 2051 419 2135 prius
441 2051 562 2113 laetum
585 2049 702 2132 siliqua
725 2055 898 2134 quassante
921 2053 1070 2136 legumen

224 2154 280 2214 aut
302 2148 408 2212 tenuis
432 2148 517 2210 fetus
541 2147 640 2210 viciae
662 2147 831 2230 tristisque
854 2147 976 2232 lupini
1197 2169 1225 2217 aa

224 2245 392 2312 sustuleris
415 2243 540 2328 fragilis
564 2243 702 2322 calamos
726 2244 903 2328 silvamque
926 2251 1042 2310 sonant
1061 2270 1103 2312 m.

185 2413 190 2429 ⁸
222 2345 289 2408 urit
312 2343 397 2407 enim
418 2342 478 2406 lini
501 2363 648 2424 campum
671 2363 775 2427 seges,
798 2343 864 2406 urit
887 2365 1018 2428 avenae,

186 2444 189 2493 ἰ
222 2445 321 2504 urunt
343 2439 483 2504 Lethaeo
507 2439 636 2521 perfusa
657 2461 816 2522 papavera
840 2462 965 2505 somno:

185 2526 189 2542 ’
223 2543 271 2602 set
294 2542 403 2602 tamen
426 2536 558 2601 alternis
580 2535 684 2600 facilis
707 2536 813 2622 labor,
836 2537 924 2602 arida
946 2540 1076 2602 tantum

220 2657 261 2698 ne
284 2639 428 2699 saturare
451 2635 527 2698 fimo
549 2633 664 2717 pingui
686 2634 804 2717 pudeat
827 2635 896 2698 sola
917 2657 997 2698 neve
1198 2655 1228 2702 80

221 2731 333 2794 effetos
357 2730 494 2794 cinerem
516 2729 715 2792 immundum
737 2729 856 2794 iactare
878 2752 935 2814 per
958 2752 1062 2816 agros.

221 2827 268 2891 sic
291 2849 417 2910 quoque
439 2827 573 2890 mutatis
596 2828 800 2910 requiescunt
822 2828 942 2892 fetibus
966 2852 1054 2914 arva3
1253 2813 1254 2900 l

219 2947 278 2988 nec
299 2924 389 2987 nulla
411 2924 533 2987 interea
556 2927 605 2987 est
628 2923 771 2988 inaratae
794 2924 899 3008 gratia
921 2929 1033 2990 terrae.
1253 2905 1254 2946 l

221 3044 315 3105 saepe
338 3021 435 3084 etiam
459 3021 584 3084 steriles
608 3021 773 3085 incendere
795 3022 918 3104 profuit
942 3044 1050 3107 agrm,

220 3123 317 3202 atque
339 3119 441 3182 levem
465 3117 618 3201 stipulam
641 3119 872 3202 crepitantibus
896 3141 987 3183 urere
1010 3118 1163 3186 flammis:
1202 3113 1254 3188 8ῡῖ

220 3217 287 3279 sive
311 3215 384 3279 inde
408 3215 547 3278 occultas
571 3215 654 3279 vires
679 3219 711 3279 et
733 3215 851 3298 pabula
874 3220 978 3280 terrae

219 3313 353 3397 pinguia
375 3312 574 3397 concipiunt,
598 3313 664 3376 sive
687 3313 753 3376 illis
777 3335 870 3376 omne
892 3336 949 3396 per
971 3313 1081 3398 ignem

220 3411 409 3492 excoquitur
432 3409 548 3472 vitium
572 3413 667 3492 atque
691 3410 823 3473 exsudat
845 3410 970 3473 inutilis
993 3433 1101 3496 umor,

221 3530 278 3572 seu
301 3507 408 3592 plures
433 3506 519 3570 calor
541 3506 596 3570 ille
618 3507 686 3570 vias
711 3510 742 3571 et
765 3529 856 3570 caeca
877 3507 1001 3570 relaxat
1077 3529 1094 3552 κ
