2556 3966
157 239 222 300 412
606 239 734 296 CULEX..

157 404 269 484 pastor
292 401 360 484 agit
382 423 474 465 curas
499 407 531 465 et
556 403 634 466 dum
656 425 723 466 non
746 407 813 466 arte
837 425 953 468 canora

66 539 70 544 -
158 502 321 579 compacta
345 499 477 562 solitum
499 500 685 564 modulatur
707 500 884 564 harundine
911 523 1050 565 carmen:
1127 518 1178 566 100

158 595 261 657 tendit
284 595 447 658 inevectus
471 596 578 660 radios
602 595 799 680 Hyperionis
824 598 918 660 ardor

158 691 324 773 lucidaque
348 691 490 756 aetherio
516 693 608 775 ponit
632 693 817 756 discrimina
839 694 967 779 mundo,
1271 767 1272 774 χ

160 808 223 870 qua
241 788 316 851 iacit
339 787 500 852 Oceanum
523 789 667 853 flammas
690 791 726 853 in
748 793 921 874 utrumque
944 814 1084 875 rapaces.
1125 811 1175 857 103
1271 835 1272 838 =

204 884 230 948 O
254 886 339 949 bona
361 887 501 968 pastoris
526 885 643 972 (siquis
666 909 733 950 non
757 889 906 970 pauperis
930 911 1024 952 usum
1141 907 1177 954 58

159 986 264 1045 mente
287 983 393 1045 minus
417 983 509 1046 docta
528 984 673 1047 fastidiat
698 988 730 1046 et
753 983 869 1067 probet
892 983 958 1046 illis

161 1080 283 1142 somnia
305 1079 450 1142 luxuriae
474 1079 616 1167 spretis),
641 1080 806 1166 incognita
830 1081 923 1164 curiS,
1141 1102 1177 1149 oc

160 1197 241 1258 quae
263 1176 404 1240 lacerant
428 1177 536 1239 avidas
560 1177 689 1241 inimico
713 1183 841 1260 pectore
864 1181 1000 1242 mentes!

161 1275 188 1336 si
210 1294 276 1336 non
298 1271 433 1355 Assyrio
457 1273 576 1337 fuerint
599 1274 649 1336 bis
673 1275 763 1338 lauta
788 1275 895 1338 colore

160 1370 310 1433 Attalicis
334 1369 450 1452 opibus
474 1370 549 1432 data
574 1371 700 1454 vellera,
724 1371 752 1434 si
774 1372 862 1434 nitor
886 1372 954 1435 auri

161 1467 220 1530 sub
243 1467 391 1549 laqueare
415 1467 527 1530 domus
551 1467 692 1530 animum
714 1490 781 1532 non
803 1469 893 1551 angit
917 1491 1050 1532 avarum

160 1565 364 1646 picturaeque
389 1563 492 1646 decus,
515 1564 657 1645 lapidum
680 1586 738 1628 neo
761 1566 868 1649 fulgor
892 1567 927 1629 in
949 1567 1015 1629 ulla

160 1661 308 1745 cognitus
332 1660 473 1722 utilitate
497 1665 615 1746 movet,
636 1683 695 1725 nec
717 1662 832 1744 pocula
856 1667 984 1745 gratum
1065 1684 1067 1688 ·

160 1757 291 1820 Alconis
314 1757 451 1819 referent
474 1756 654 1840 Boethique
677 1762 831 1844 toreuma,
854 1780 912 1822 nec
934 1758 1006 1822 Indi

160 1853 297 1918 conchen
320 1853 398 1916 baca
421 1853 519 1916 maris
543 1855 648 1937 pretio
672 1860 733 1918 est:
758 1859 791 1917 at
814 1859 942 1938 pectore
965 1878 1046 1939 puro

161 1973 253 2033 saepe
277 1972 372 2032 super
394 1953 503 2014 tenero
528 1953 705 2034 prosternit
728 1952 872 2036 gramine
896 1974 1020 2038 corpus,

160 2047 273 2111 florida
296 2069 368 2110 oum
391 2048 497 2132 tellus,
521 2049 712 2132 gemmantis
735 2049 822 2131 picta
845 2071 901 2133 per
922 2049 1048 2135 herbas,

160 2168 232 2209 vere
254 2149 347 2208 notat
371 2144 455 2207 dulci
479 2144 634 2209 distincta
657 2147 819 2209 coloribus
844 2169 932 2230 arva3

161 2247 256 2327 atque
278 2242 371 2304 illum
394 2242 514 2305 calamo
539 2243 659 2306 laetum
682 2243 841 2306 recinente
865 2243 1003 2325 palustri

161 2342 288 2422 otiaque
311 2339 430 2402 invidia
454 2339 620 2423 degentem
645 2344 677 2403 et
700 2339 811 2403 fraude
834 2347 958 2402 remota

160 2437 395 2519 pollentemque
419 2435 481 2498 sibi
504 2437 599 2500 viridi
623 2459 695 2500 cum
719 2437 851 2520 palmite
873 2437 982 2501 lucens

160 2533 284 2596 Tmolia
307 2533 475 2615 pampineo
500 2533 610 2596 subter
634 2555 724 2597 coma
747 2534 833 2598 velat
858 2533 984 2598 amictu.

159 2632 207 2694 illi
231 2635 306 2694 sunt
330 2635 439 2714 gratae
462 2635 607 2693 rorantes
631 2631 716 2694 lacte
740 2631 878 2712 capellae

161 2733 191 2791 et
213 2749 325 2791 nemus
349 2731 381 2790 et
404 2727 540 2790 fecunda
563 2727 656 2791 Pales
681 2733 713 2791 et
736 2728 875 2790 vallibus
899 2728 987 2790 intus

160 2847 283 2906 semper
307 2846 405 2906 opaca
427 2826 519 2886 novis
545 2826 709 2888 manantia
732 2825 877 2887 fontibus
902 2829 1001 2887 antra.

160 2922 231 3004 quis
255 2922 359 3004 magis
384 2925 496 3004 optato
522 2926 617 3004 queat
642 2944 710 2985 esse
734 2923 858 2986 beatior
882 2944 968 3007 aevo,

160 3038 255 3099 quam
279 3018 335 3098 qui
358 3021 464 3079 mente
488 3019 600 3099 procul
623 3041 703 3102 pura
728 3039 886 3100 sensuque
909 3019 1075 3101 probando

160 3137 227 3178 non
252 3114 360 3177 avidas
385 3113 538 3197 adgnovit
563 3137 638 3198 opes
662 3137 720 3178 nec
743 3116 852 3178 tristia
875 3116 959 3178 bella

159 3234 218 3276 nec
241 3214 367 3274 funesta
391 3212 484 3274 timet
507 3213 630 3276 validae
653 3212 828 3275 certamina
851 3213 972 3297 classis

159 3331 234 3391 non,
259 3309 371 3390 spoliis
396 3308 471 3370 dum
495 3313 605 3370 sancta
629 3309 722 3372 deum
745 3308 945 3390 fulgentibus
970 3312 1061 3372 ornet

161 3404 280 3486 templa
305 3405 354 3466 vel
378 3408 505 3466 evectus
529 3404 626 3466 finem
648 3405 851 3466 transcendat
874 3405 1021 3488 habendi,

162 3503 333 3566 advorsum
359 3500 460 3562 saevis
484 3499 571 3562 ultro
595 3504 690 3581 caput
713 3499 862 3561 hostibus
887 3501 1002 3562 offert?
