2538 3970
178 208 244 273 300
501 211 650 271 VERGILI
667 213 799 267 AENEIS
817 213 855 267 IX

178 367 314 454 *[pinea
337 371 418 436 silva
440 373 529 459 mihi,
551 372 671 436 multos
695 372 810 438 dilecta
832 395 889 456 per
907 371 1024 457 annos]
1150 388 1181 436 85

177 464 268 529 lucus
291 466 326 531 in
349 489 418 532 arce
440 468 503 532 fuit
527 491 660 551 summa,
683 490 746 551 quo
767 491 857 534 sacra
874 470 1029 554 ferebant,

177 561 322 648 nigranti
345 565 434 648 picea
456 565 667 648 trabibusque
691 565 845 630 obscurus
869 567 1004 632 acernis:

177 658 236 722 has
259 680 319 744 ego
342 661 504 727 Dardanio
527 661 645 746 iuveni,
667 681 739 726 cum
762 663 873 727 classis
897 668 1015 750 egeret,

177 752 263 819 laeta
285 757 368 842 dedi3
391 780 476 822 nuno
499 757 672 823 sollicitam
694 759 794 824 timor
817 759 930 824 anxius
955 761 1053 846 angit.

179 851 267 916 solve
284 859 389 920 metus
409 860 505 940 atque
518 855 579 920 hoc
597 855 745 938 precibus
764 855 833 921 sine
846 876 940 940 posse
959 859 1132 939 parentem:
1148 871 1179 919 eo

177 968 218 1012 ne
241 969 336 1015 cursu
360 955 529 1035 quassatae
551 951 618 1016 ullo
642 972 705 1016 neu
728 952 858 1016 turbine
880 954 969 1016 venti

177 1045 356 1133 vincantur,
378 1049 483 1131 prosit
505 1049 626 1113 nostris
650 1049 685 1112 in
706 1051 872 1114 montibus
896 1049 1004 1114 ortas?

178 1142 265 1208 filius
287 1144 363 1209 huic
386 1150 507 1232 contra,
529 1148 661 1231 torquet
684 1145 740 1228 qui
764 1145 868 1209 sidera
890 1146 1015 1210 mundi:

179 1238 210 1302 ‘o
234 1242 389 1328 genetrix,
412 1263 476 1326 quo
499 1242 568 1306 fata
589 1243 706 1306 vocas?
730 1247 786 1306 aut
810 1243 887 1326 quid
909 1244 993 1327 petis
1016 1243 1109 1307 istis?

178 1337 348 1400 mortaline
371 1359 468 1403 manu
490 1338 593 1402 factae
615 1338 796 1403 immortale
815 1341 939 1404 carinae
1148 1356 1178 1404 95

179 1433 227 1497 fas
250 1433 390 1498 habeant
413 1439 584 1520 certusque
606 1435 729 1500 incerta
751 1437 892 1520 pericula
910 1437 1029 1502 lustret

180 1529 325 1595 Aeneas?
349 1532 401 1595 oui
423 1535 515 1597 tanta
538 1533 596 1596 deo
619 1531 776 1616 permissa
799 1532 966 1616 potestas?

179 1629 277 1692 immo
301 1628 358 1692 ubi
380 1628 546 1694 defunctae
568 1629 666 1694 finem
687 1633 865 1713 portusque
887 1629 1044 1693 tenebunt

179 1725 342 1790 Ausonios
366 1725 452 1811 olim,
476 1747 694 1809 quaecumque
717 1726 854 1790 evaserit
876 1725 970 1790 undis

178 1821 439 1907 Dardaniumque
462 1823 574 1888 ducem
596 1821 769 1887 Laurentia
790 1823 914 1886 vexerit
937 1843 1022 1909 arva,
1136 1838 1178 1886 100

179 1919 349 1984 mortalem
372 1919 506 2004 eripiam
528 1919 665 1984 formam
687 1919 859 2004 magnique
881 1919 999 1985 iubebo

180 2016 327 2098 aequoris
351 2037 419 2079 esse
443 2015 527 2102 deas,
550 2016 654 2099 qualis
677 2014 796 2080 Nereia
818 2015 904 2081 Doto

180 2117 211 2175 et
235 2109 368 2176 Galatea
392 2116 499 2177 secant
523 2117 725 2196 spumantem
747 2118 875 2197 pectore
899 2113 1055 2198 pontum?

179 2209 312 2303 dixerat
325 2210 421 2294 idque
434 2214 550 2290 patum
574 2207 681 2294 Stygii
703 2232 760 2293 per
783 2209 915 2274 fiumina
937 2209 1058 2295 fratris,

178 2328 235 2390 per
257 2307 326 2390 pice
349 2307 503 2371 torrentis
528 2309 661 2390 atraque
684 2307 837 2392 voragine
859 2308 946 2391 ripas
1135 2321 1177 2370 105

180 2403 291 2467 adnuit
314 2407 347 2468 et
369 2407 476 2468 totum
497 2406 581 2467 nutu
604 2404 780 2468 tremefecit
804 2401 984 2488 Olympum.

224 2499 313 2585 Ergo
338 2500 447 2564 aderat
469 2500 629 2582 promissa
653 2501 719 2564 dies
743 2505 775 2564 et
798 2503 943 2584 tempora
965 2500 1082 2565 Parcae

180 2597 288 2661 debita
311 2597 518 2680 complerant,
541 2617 614 2660 oum
636 2597 737 2662 Turni
760 2597 878 2662 iniuria
900 2597 1038 2662 Matrem

179 2694 345 2759 admonuit
368 2693 494 2760 ratibus
518 2695 617 2758 sacris
641 2695 798 2779 depellere
820 2693 938 2758 taedas.

177 2793 231 2856 hio
254 2793 393 2876 primum
415 2813 500 2856 nova
522 2791 579 2856 lux
603 2791 703 2856 oculis
727 2791 851 2855 offulsit
874 2796 906 2856 et
928 2792 1042 2876 ingens
1135 2805 1177 2855 110

178 2890 268 2954 visus
292 2889 332 2954 ab
355 2887 483 2952 Aurora
505 2888 629 2954 caelum
652 2893 869 2953 transcurrere
891 2887 1020 2953 nimbus

140 2996 142 3049 ἱ
178 2985 328 3068 Idaeique
351 2985 454 3070 chori;
476 2988 547 3049 tum
571 3007 634 3048 vox
656 2983 816 3048 horrenda
838 3005 894 3067 per
918 3006 1011 3049 auras

180 3082 297 3147 excidit
320 3086 351 3145 et
374 3082 495 3146 Troum
518 3080 778 3165 Rutulorumque
800 3081 929 3166 agmina
951 3082 1102 3165 complet:

180 3180 231 3244 ‘ne
253 3179 412 3262 trepidate
434 3201 531 3264 meas,
554 3178 677 3263 Teucri,
700 3178 866 3242 defendere
884 3179 975 3242 navis

178 3299 257 3343 neve
281 3280 401 3340 armate
424 3297 551 3342 manus:
575 3275 677 3340 maria
700 3279 774 3339 ante
798 3297 929 3340 exurere
952 3275 1059 3340 Turno
1135 3289 1175 3340 115

180 3398 275 3461 quam
300 3395 405 3438 sacras
430 3373 559 3438 dabitur
581 3374 685 3458 pinus.
723 3393 781 3437 vos
804 3373 849 3437 ite
874 3373 1013 3459 solutae,

178 3474 224 3538 ite
247 3471 323 3536 deae
345 3469 465 3554 pelagi:
489 3470 635 3553 genetrix
659 3470 768 3535 iubet?
807 3473 839 3535 et
863 3492 921 3536 sua
944 3491 1087 3555 quaeque
