2552 3958
368 284 517 340 VERGILI
535 285 678 341 ECLOGA
696 286 748 342 VII
1019 289 1061 355 19

60 447 144 511 ambo
166 447 319 512 florentes
343 449 519 534 aetatibus,
540 447 679 513 Arcades
703 450 812 536 ambo,

61 549 87 608 et
106 550 232 610 cantare
255 567 348 628 pares
372 548 405 610 et
427 545 618 629 respondere
640 547 754 630 parati,
1044 566 1060 614 o

60 641 114 705 huc
134 640 229 726 mihi,
253 641 329 704 dum
352 643 479 704 teneras
503 642 637 708 defendo
660 667 679 708 a
701 644 822 730 frigore
843 650 982 732 myrtos,

61 739 101 801 vir
121 738 228 822 gregis
251 738 322 822 ipse
350 759 444 821 caper
467 739 664 824 derraverat3
692 745 788 825 atque
816 762 875 826 ego
898 739 1062 825 Daphnim

61 836 177 918 aspicio.
222 835 278 899 ille
302 836 359 900 ubi
381 857 432 899 me
456 839 568 900 contra
590 837 691 924 videt,
715 838 827 902 ‘ocius'
850 839 957 922 inquit

62 933 123 998 ‘huc
145 933 234 1018 ades,
257 955 276 997 o
300 931 472 1018 Meliboee3
496 955 589 1016 caper
611 933 674 998 tibi
697 935 803 1000 salvos
827 939 859 998 et
880 933 987 1020 haedi3

61 1036 86 1094 et
106 1030 211 1114 siquid
233 1050 357 1094 cessare
379 1033 486 1116 potes,
508 1030 669 1113 requiesce
692 1032 752 1095 sub
776 1032 898 1096 umbra.
1028 1049 1061 1098 10

60 1129 113 1191 huc
134 1128 197 1211 ipsi
220 1131 335 1210 potum
357 1127 486 1190 venient
508 1149 566 1211 per
588 1131 681 1210 prata
703 1128 841 1213 iuvenci3

59 1225 103 1288 hic
124 1223 234 1289 viridis
258 1229 369 1288 tenera
391 1224 550 1307 praetexit
571 1223 749 1287 harundine
771 1223 858 1307 ripas

59 1321 201 1407 Mincius,
225 1343 305 1406 eque
329 1343 419 1386 sacra
441 1321 593 1384 resonant
616 1320 762 1384 examina
785 1321 923 1405 quercu?

60 1420 129 1502 quid
153 1418 310 1482 facerem?
342 1439 446 1501 neque
474 1438 533 1502 ego
561 1415 720 1501 Alcippen
745 1438 804 1482 nec
830 1415 979 1503 Phyllida
1004 1419 1059 1484 ha·

844 1516 970 1603 bebam,

60 1613 198 1696 depulsos
223 1635 242 1676 a
263 1612 346 1674 lacte
370 1611 456 1674 domi
480 1634 561 1695 quac
584 1613 744 1677 clauderet
767 1633 881 1699 agnos3
1026 1631 1058 1679 15

60 1714 86 1772 et
107 1713 264 1774 sedamen
287 1711 356 1772 erat
379 1705 531 1791 Corydon
552 1731 625 1774 cum
648 1709 804 1792 Thyrside
826 1732 987 1795 magnum

59 1807 222 1889 posthabui
244 1810 354 1868 tamen
375 1805 507 1869 illorum
528 1827 599 1870 mea
622 1807 705 1870 seria
727 1807 811 1871 ludo,

60 1904 180 1968 alternis
203 1902 306 1988 igitur
328 1903 518 1966 contendere
541 1905 687 1968 versibus
710 1905 804 1968 ambo

59 2023 192 2085 eoeperc3
215 2000 357 2064 alternos
379 1998 492 2064 Musae
513 1999 696 2064 meminisse
718 2001 879 2066 volebant.

58 2097 111 2162 hos
133 2096 295 2181 Corydon,
317 2095 392 2160 illos
415 2095 573 2159 referebat
596 2097 632 2160 in
654 2097 765 2161 ordine
787 2097 930 2181 Thyrsis.
1024 2117 1058 2166 20

100 2327 129 2394 0.
162 2325 343 2412 Nymphae,
372 2329 485 2390 noster
517 2347 616 2412 amor,
646 2324 873 2413 bibcthrides,‚
890 2331 947 2392 aut
977 2327 1057 2393 mihi

841 2445 968 2490 carmen

62 2521 142 2605 quale
162 2543 233 2586 meo
258 2518 364 2585 Codro
387 2519 550 2584 concedite
572 2517 735 2606 (proxima
755 2519 879 2585 Phoebi

61 2617 191 2682 versibus
213 2617 270 2680 illc
291 2614 385 2703 facit)
409 2619 479 2700 aut,
501 2617 619 2681 sinon
639 2638 812 2700 possumus
835 2639 960 2704 omnes,

61 2713 104 2778 hio
124 2718 235 2800 arguta
259 2735 349 2777 sacra
370 2713 523 2797 pendebit
544 2713 655 2778 fistula
675 2716 764 2797 pina

63 2811 91 2874 1.
113 2810 274 2896 Praetores,
295 2809 413 2874 hedera
434 2817 628 2876 crescentem
650 2817 762 2877 ornate
784 2818 927 2901 poetam,
1021 2831 1056 2880 25

62 2907 197 2996 Arcades,
219 2909 340 2973 invidia
362 2913 554 2991 rumpantur
576 2911 693 2973 utilia
715 2908 835 2995 Cod103

63 3011 119 3092 aut,
140 3008 168 3072 si
189 3007 277 3070 ultra
299 3006 455 3088 placitum
476 3006 630 3090 laudarit,
650 3006 781 3070 baccare
803 3007 943 3072 frontem

62 3102 176 3189 cingite,
197 3125 240 3168 ne
262 3103 331 3166 vati
352 3108 466 3166 noceat
487 3103 573 3166 mala
594 3103 706 3188 lingna
727 3105 847 3169 futuro.

97 3261 126 3327 0.
151 3261 278 3328 Saetosi
301 3268 397 3346 caput
418 3262 482 3327 hoc
503 3261 574 3345 apri
595 3261 673 3348 tibi,
693 3259 801 3348 Delia,
823 3283 939 3345 parvos

38 3362 85 3420 'et
104 3381 224 3424 ramosa
246 3359 357 3423 Micon
378 3359 498 3422 vivacis
520 3380 641 3423 cornua
662 3360 755 3424 cervi.
1019 3375 1055 3424 ao

59 3455 81 3517 si
100 3457 262 3541 proprium
282 3455 346 3520 hoc
367 3456 479 3541 fuerit,
499 3456 564 3519 levi
586 3455 625 3519 de
646 3477 805 3520 marmore
827 3459 900 3519 tota

58 3553 177 3632 puniceo
201 3553 304 3616 stabis
327 3576 419 3617 suras
442 3554 567 3617 evincta
589 3553 755 3617 cotbmno.

857 3655 891 3708 ῳ
