2576 3970
173 262 239 325 232
489 259 639 316 VERGILI
657 259 788 314 AENEIS
807 259 846 313 Vl

173 424 284 488 navita
307 445 387 507 quos
411 423 475 487 iam
497 423 570 486 inde
593 425 630 485 ut
653 418 767 505 Stygia
784 419 950 505 prospexit
969 421 1009 484 ab
1028 419 1115 484 unda
1129 436 1185 486 385

173 541 231 603 per
253 520 389 584 tacitum
409 541 522 582 nemus
544 518 592 582 ire
614 517 788 601 pedemque
811 517 974 582 advertere
995 518 1094 601 ripae,

175 617 221 680 sic
243 616 332 700 prior
356 616 540 700 adgreditur
563 615 656 678 dictis
681 618 777 697 atque
799 614 943 704 increpat
965 615 1065 678 ultro:

175 713 335 797 ‘quisquis
359 734 402 798 es,
425 715 566 776 armatus
591 712 648 795 qui
670 715 782 775 nostra
805 711 845 776 ad
867 710 1001 775 fiumina
1023 710 1139 794 tendis,

174 811 242 874 fare
260 832 328 896 age,
347 809 424 894 quid
436 808 554 894 venias,
572 808 637 872 iam
655 808 761 893 istinc,
783 812 815 872 et
834 808 1007 891 comprime
1025 828 1185 892 gressum.
1284 815 1285 818 ’

175 907 360 971 umbrarum
381 904 434 969 hic
456 905 545 969 locus
568 907 628 989 est,
651 905 755 968 somni
772 905 940 988 noctisque
959 925 1109 988 soporae3
1132 921 1186 968 aso

174 1024 308 1088 corpora
330 1002 404 1067 xiva
424 1002 515 1066 nefas
539 999 653 1085 Stygia
675 1004 800 1065 vectare
822 1001 938 1066 carina.
982 1009 986 1018 '

173 1121 232 1164 nec
254 1120 329 1164 vero
352 1097 488 1162 Alciden
509 1118 560 1160 me
584 1119 655 1160 sum
678 1098 817 1162 laetatus
841 1101 970 1162 euntem

175 1196 333 1279 accepisse
354 1195 427 1258 lacu
447 1215 506 1258 neo
528 1193 651 1257 Thesea
673 1193 926 1279 Pirithoumque,

175 1293 224 1356 dis
248 1312 442 1375 quamquam
464 1289 566 1375 geniti
589 1294 685 1373 atque
707 1291 820 1355 invicti
842 1292 965 1356 viribus
989 1295 1104 1356 essent.

176 1389 363 1454 Tartareum
385 1387 440 1452 ille
462 1409 559 1450 manu
582 1387 746 1452 custodem
767 1387 803 1452 in
825 1387 930 1452 vincla
952 1387 1068 1472 petivit
1133 1405 1186 1452 aaa

175 1486 278 1570 ipsius
303 1509 321 1550 a
345 1485 426 1549 solio
449 1485 543 1569 ragis,
566 1484 729 1567 traxitque
752 1487 953 1568 trementem3

175 1583 211 1646 hi
233 1583 394 1646 dominam
416 1579 503 1644 Ditis
526 1580 668 1644 thalamo
692 1580 842 1646 deducere
866 1580 990 1644 adorti’

177 1701 258 1764 quae
282 1682 393 1744 contra
416 1677 555 1741 breviter
578 1677 645 1740 fata
668 1680 718 1740 est
739 1677 935 1761 Amphrysia
957 1681 1061 1741 vates:

177 1776 295 1840 ‘nullae
317 1775 370 1838 hic
391 1773 525 1838 insidiae
548 1773 629 1837 tales
653 1771 789 1859 (absiste
811 1771 957 1860 moveri),

176 1895 235 1936 nec
256 1871 322 1936 vim
343 1871 409 1935 tela
430 1871 550 1934 ferunt:
573 1870 648 1933 licet
670 1869 783 1954 ingens
806 1870 925 1934 ianitor
949 1874 1040 1934 antro
1133 1888 1188 1936 100

178 1972 342 2032 aeternum
363 1968 485 2032 latrans
509 1967 679 2051 exsanguis
702 1970 821 2031 terreat
843 1967 983 2052 umbras,

176 2070 265 2130 carta
286 2065 362 2129 licet
384 2065 492 2148 patrui
514 2068 619 2128 servet
640 2063 832 2146 Proserpina
854 2064 960 2128 limen.

177 2163 293 2227 Troius
315 2161 450 2245 Aeneas,
472 2161 591 2245 pietate
612 2160 749 2244 insignis
773 2166 805 2224 et
828 2161 935 2245 armis,

177 2260 218 2324 ad
240 2259 418 2344 genitorem
439 2259 520 2322 imas
543 2256 630 2322 erebi
653 2257 814 2320 descendit
837 2257 876 2320 ad
898 2257 1036 2322 umbras.

178 2359 207 2422 si
229 2361 261 2421 te
283 2356 372 2420 nulla
394 2360 502 2420 movet
524 2357 634 2419 tantae
656 2353 787 2437 pietatis
811 2355 927 2440 imag0,
1134 2373 1189 2420 405

178 2459 212 2518 at
234 2474 359 2518 ramum
380 2451 476 2515 hunc’
501 2447 619 2537 (aperit
641 2473 774 2536 ramum,
798 2451 854 2535 qui
876 2455 965 2516 veste
987 2450 1128 2538 latebat)

179 2548 385 2634 ‘adgnosces'
431 2548 555 2612 tumida
577 2569 616 2611 ex
638 2547 779 2612 iratum
802 2548 897 2612 corda
919 2548 1073 2633 residunt,

177 2669 236 2711 nec
257 2647 350 2731 plura
371 2645 437 2709 his:
459 2645 514 2708 ille
537 2645 696 2708 admirans
720 2645 899 2709 venerabile
922 2645 1042 2709 donum

178 2745 286 2808 fatalis
308 2744 426 2828 virgae,
448 2742 546 2826 longo
569 2746 644 2826 post
666 2745 810 2824 tempore
832 2741 946 2827 visum,

178 2841 354 2905 caeruleam
377 2839 514 2903 advertit
537 2839 671 2922 puppim
693 2839 844 2921 ripaeque
866 2837 1071 2921 propinquat.
1135 2857 1191 2904 410

177 2938 251 3001 inde
274 2937 352 3001 alias
376 2936 507 3021 animas,
530 2957 610 3018 quae
632 2957 689 3018 per
712 2935 789 3019 iuga
810 2935 908 3019 longa
931 2935 1095 3020 sedebant,

178 3033 330 3098 deturbat
353 3033 503 3116 laxatque
526 3032 627 3116 foros3
651 3031 748 3096 simul
772 3033 886 3115 accipit
910 3032 998 3096 alveo

147 3208 149 3212 y
178 3132 341 3214 ingentem
364 3127 501 3192 Aenean.
547 3129 670 3212 gemuit
694 3130 754 3192 sub
777 3129 915 3212 pondere
938 3129 1052 3193 cumba

180 3227 287 3291 sutilis
311 3230 343 3289 et
365 3225 501 3289 multam
524 3227 644 3308 accepit
666 3227 786 3290 rimosa
808 3225 963 3309 paludem.

179 3324 308 3387 tandem
322 3326 412 3384 trans
426 3321 561 3385 fluvium
574 3322 744 3385 incolumis
758 3327 928 3405 vatemque
940 3322 1110 3405 virumque
1137 3341 1192 3388 41⁶

179 3418 310 3483 informi
332 3417 409 3482 limo
433 3417 608 3500 glaucaque
631 3418 763 3500 exponit
785 3418 821 3482 in
843 3419 925 3482 ulva.

225 3513 381 3580 Cerberus
404 3512 481 3576 haec
503 3514 616 3597 ingens
639 3514 760 3577 latratu
783 3535 882 3599 regna
905 3515 1033 3580 trifauci
