2612 3964
200 257 262 322 166
519 253 669 309 vaacrm
687 252 819 306 lauris
838 253 877 306 111
1292 321 1293 324 q

601 367 604 378 ·
1293 347 1294 402 l

199 423 231 482 et
253 419 375 482 fessum
398 417 547 501 quotiens
569 420 674 480 mutet
695 416 792 499 latus,
814 415 984 478 intremere
1008 435 1136 477 omnem
1293 407 1294 446 l

198 535 361 579 murmure
384 513 581 576 Trinacriam
603 517 635 576 et
658 514 781 577 caelum
803 512 972 575 subtexere
995 511 1094 575 fumo

199 615 326 676 noctem
349 611 439 674 illam
461 609 539 673 tecti
562 610 652 673 silvis
675 610 826 674 immania
848 613 994 674 monstra

200 708 399 810 perferimps,
421 728 479 770 nec
502 729 582 790 quae
607 708 749 771 sonitum
771 706 824 770 det
847 728 942 770 causa
964 706 1118 770 videmus.

199 827 275 868 nam
291 827 394 889 neque
413 807 504 869 erant
518 809 679 868 astrorum
692 805 783 889 ignes
796 825 855 867 nec
869 803 993 868 lucidus
1008 804 1120 868 aethra
1160 820 1215 868 585

201 903 321 966 siderea
344 903 448 986 polus,
471 901 607 966 obscuro
632 903 686 965 sed
707 901 819 966 nubila
843 901 939 985 eaelo,

199 1004 232 1063 et
254 1001 363 1064 lunam
385 1001 420 1064 in
441 999 552 1063 nimbo
575 1020 639 1063 nox
662 999 855 1082 intempesta
877 998 1017 1061 tenebat.

243 1097 377 1162 Postera
399 1099 526 1181 iamque
549 1096 615 1160 dies
639 1097 742 1179 primo
767 1095 919 1180 surgebat
943 1117 1011 1180 eoo,

202 1198 423 1279 umentemque
446 1192 573 1258 Aurora
595 1193 671 1277 polo
695 1193 871 1257 dimoverat
893 1192 1054 1256 umbram:

200 1305 272 1355 cum
296 1292 403 1356 subito
427 1314 445 1355 e
468 1291 557 1355 silvis
580 1291 680 1354 macie
703 1289 847 1354 confecta
870 1311 1018 1372 suprema
1159 1305 1213 1355 590

200 1389 306 1473 ignoti
327 1410 412 1452 nova
433 1389 537 1453 forma
559 1387 621 1451 viri
642 1387 885 1469 miserandaque
907 1386 996 1450 cultu

200 1485 344 1569 procedit
368 1486 565 1569 supplexque
587 1506 700 1548 manus
725 1484 764 1547 ad
785 1484 882 1547 litora
905 1483 1017 1546 tendit.

200 1583 400 1666 respicimus:
424 1582 493 1645 dira
516 1581 653 1645 inluvies
676 1580 872 1663 inmissaque
895 1579 1005 1664 barba,

201 1683 384 1743 consertum
405 1682 558 1763 tegumen
581 1677 691 1762 spinis,
715 1681 748 1742 at
771 1681 875 1742 cetera
899 1675 1015 1741 Graius

202 1776 249 1860 [et
271 1775 432 1859 quondam
453 1775 567 1858 patriis
590 1775 630 1838 ad
652 1775 782 1839 Troiam
804 1775 922 1838 missus
945 1775 980 1838 in
1003 1773 1127 1858 armis}
1159 1792 1211 1839 595

201 1873 293 1956 isque
315 1872 373 1936 ubi
394 1871 574 1936 Dardanios
597 1871 728 1936 habitus
752 1875 784 1936 et
807 1871 904 1936 Troia
926 1871 1007 1935 vidit

114 2031 117 2038 .
202 1992 289 2033 arma
312 1969 433 2054 procul,
456 1970 588 2052 paulum
611 1974 741 2052 aspectu
764 1968 957 2032 conterritus
979 1968 1085 2032 haesit

203 2066 425 2149 continuitque
449 2066 597 2150 gradum5
620 2087 699 2142 mox,
719 2088 787 2130 sese
811 2065 850 2128 ad
872 2066 970 2129 litora
992 2087 1143 2150 praeceps

202 2185 274 2227 cum
296 2162 375 2226 fletu
398 2163 609 2246 precibusque
632 2163 722 2226 tulit:
746 2163 814 2246 ‘per
837 2163 940 2226 sidera
962 2165 1076 2248 testor,

201 2283 259 2344 per
283 2281 414 2343 superos
439 2263 535 2341 atque
557 2259 619 2322 hoc
642 2259 721 2322 caeli
744 2260 896 2342 spirabile
917 2281 1045 2342 numen,
1159 2278 1209 2326 600

201 2357 307 2422 tollite
330 2378 389 2439 me,
412 2355 541 2439 Teucri3
565 2377 780 2439 quascumque
804 2357 950 2421 abducite
973 2360 1089 2421 terras:

200 2454 262 2518 hoc
285 2457 335 2516 sat
358 2453 427 2516 erit.
474 2453 540 2516 scio
563 2474 613 2515 me
636 2451 757 2516 Danais
781 2476 797 2517 e
821 2454 978 2518 classibus
1000 2476 1111 2540 unum,

201 2556 233 2616 et
256 2551 341 2614 bello
364 2549 479 2613 iliacos
503 2550 606 2613 fateor
628 2551 760 2633 petiisse
782 2555 923 2634 penates.

200 2671 259 2732 pro
284 2669 357 2732 quo,
380 2647 408 2710 si
431 2647 558 2711 sceleris
582 2651 673 2710 tanta
696 2651 745 2712 est
767 2648 885 2711 iniuria
906 2649 1020 2732 nostri,

203 2745 344 2829 spargite
367 2765 417 2808 me
440 2744 475 2807 in
498 2743 614 2808 fluctus
637 2748 794 2828 vastoque
816 2745 996 2829 immergite
1019 2747 1130 2828 ponto.
1160 2761 1207 2810 505

202 2843 230 2906 si
252 2863 357 2927 pereo,
379 2841 547 2904 hominum
569 2841 717 2905 manibus
740 2843 872 2925 periisse
895 2842 1040 2906 iuvabit'

200 2939 335 3022 dixerat,
358 2941 390 3000 et
414 2959 518 3022 genua
541 2938 705 3020 amplexus
729 2940 928 3023 genibusque
950 2940 1101 3004 volutans

199 3035 361 3099 haerebat.
408 3034 464 3117 qui
488 3035 530 3098 sit
553 3034 623 3117 fari,
647 3055 711 3116 quo
735 3035 890 3119 sanguine
912 3039 1028 3120 cretuS,

200 3130 377 3214 hortamur,
401 3152 482 3214 quae
506 3130 616 3194 deinde
640 3131 741 3214 agitet
763 3132 895 3195 fortuna
917 3132 1020 3196 fateri.

199 3228 269 3310 ipse
292 3231 383 3309 pater
407 3227 551 3290 dextram
574 3224 731 3291 Anchises
754 3228 834 3292 haut
857 3230 960 3292 multa
982 3234 1128 3296 moratus
1160 3248 1212 3297 clo

199 3325 256 3388 dat
278 3324 387 3387 iuveni
410 3327 506 3406 atque
530 3324 671 3387 animum
693 3325 855 3406 praesenti
877 3325 1012 3410 pignore
1035 3325 1153 3391 firmat.

200 3421 256 3485 ille
278 3420 357 3482 haec
380 3420 524 3502 deposita
548 3422 676 3484 tandem
698 3421 868 3485 formidine
890 3423 991 3487 fatur:

197 3519 285 3582 ‘sum
308 3517 413 3600 patria
437 3538 475 3578 ex
497 3516 616 3604 Ithaca,
639 3540 743 3583 comes
766 3519 903 3583 infelicis
927 3518 1026 3605 Ulixi,
