2514 3966
371 293 519 349 VERGILI
538 294 669 349 AENEIS
688 294 726 348 lX
985 292 1050 357 309

61 477 120 518 rara
140 477 192 537 per
214 455 356 519 occultos
381 455 515 520 ducebat
540 457 653 520 semita
676 457 778 521 calles.

60 550 218 633 Euryalum
241 551 392 616 tenebrae
415 575 577 617 ramorum
603 574 800 636 onerosaque
823 553 940 636 praeda

60 647 219 732 impediunt
241 649 392 732 fallitque
415 649 513 714 timor
537 650 668 735 regione
691 651 830 733 viarum;
999 662 1051 714 000

59 743 142 809 Nisus
165 745 240 810 abit.
287 746 415 829 iamque
436 746 621 830 imprudens
645 751 789 812 evaserat
811 746 917 811 hostis

59 847 139 925 atque
159 843 258 927 locos,
283 843 340 928 qui
362 847 438 926 post
461 843 564 908 Albae
586 844 624 907 de
646 844 775 908 nomine
799 843 877 908 dicti

58 939 159 1002 Albani
182 937 269 1026 (tum
291 960 347 1002 rex
372 939 500 1004 stabula
523 941 588 1004 alta
611 938 746 1005 Latinus
769 937 943 1026 habebat).-

58 1040 86 1098 ul
106 1037 191 1100 stetit
215 1040 248 1100 et
271 1037 393 1100 frustra
416 1036 580 1102 absentem
604 1038 744 1122 respexit
768 1038 915 1122 amicum,

59 1132 193 1216 ‘Euryale
215 1133 338 1218 infelix,
361 1155 424 1215 qua
447 1137 479 1197 te
502 1134 632 1218 regione
655 1135 793 1219 reliqui?
999 1149 1051 1197 300

58 1252 144 1312 quave
166 1251 291 1314 sequar,
313 1251 425 1293 rursus
449 1230 635 1314 perplexum
657 1231 720 1296 iter
743 1253 836 1296 omne
859 1230 1025 1294 revolvens

56 1326 163 1390 fallacis
187 1327 320 1390 siluae?³
346 1327 442 1390 simul
465 1331 497 1390 et
519 1328 657 1413 vestigia
679 1331 765 1392 retro

57 1425 210 1489 obseruata
232 1425 313 1508 legit
336 1423 504 1508 dumisque
528 1424 697 1489 silentibus
721 1430 815 1490 errat.

57 1522 132 1585 audit
155 1543 265 1605 equos,
289 1521 379 1584 audit
402 1521 558 1604 strepitus
581 1525 614 1586 et
637 1521 729 1605 signa
752 1525 949 1605 sequentum.

56 1641 103 1683 nee
119 1619 251 1703 longum
270 1618 305 1681 in
322 1619 426 1682 medio
445 1622 583 1704 tempus,
606 1639 678 1682 cum
696 1618 816 1684 elamor
834 1617 873 1682 ad
892 1617 979 1682 auris
1000 1633 1051 1681 300

56 1717 186 1798 pervenit
209 1735 246 1778 ac
268 1714 357 1779 videt
378 1713 568 1800 Euryalum,
592 1736 686 1798 quem
709 1715 773 1778 iam
796 1736 910 1778 manus
934 1713 1038 1778 omnis

55 1813 152 1876 fraude
174 1811 238 1876 loci
262 1815 294 1876 et
315 1812 433 1898 noctis,
456 1811 565 1875 subito
588 1812 740 1876 turbante
763 1812 915 1897 tumultu,

56 1931 231 1993 oppressum
253 1908 340 1992 rapit
362 1913 394 1972 et
417 1912 585 1972 conantem
608 1909 747 1993 plurima
768 1910 896 1973 frustra.

55 2007 121 2090 quid
143 2006 260 2070 faciat?
286 2028 350 2090 qua
371 2006 404 2069 vi
426 2006 583 2091 iuvenem,
607 2005 723 2088 quibus
748 2005 862 2069 audeat
885 2005 982 2068 armis

55 2105 186 2187 eripere?
210 2125 251 2168 an
275 2125 343 2166 sese
365 2101 487 2166 medios
510 2103 687 2166 moriturus
710 2104 746 2166 in
769 2125 858 2166 enses
999 2118 1051 2167 400

54 2201 159 2266 inferat
182 2204 215 2265 et
237 2199 406 2284 pulchram
428 2204 579 2284 properet
601 2221 659 2284 per
681 2200 812 2264 volnera
833 2199 991 2262 mortem?
1023 2211 1027 2219 ‘

54 2300 131 2363 ocius
155 2298 290 2362 adducto
313 2301 468 2381 torquens
491 2297 609 2362 hastile
630 2298 761 2384 lacerto,

54 2396 220 2480 suspiciens
245 2394 343 2458 altam
362 2398 394 2458 et
416 2393 541 2458 Lunam
564 2395 610 2458 sic
632 2416 708 2458 voce
731 2398 893 2477 precatur:

54 2494 104 2579 tu,
124 2494 191 2577 dea,
212 2497 251 2556 tu
272 2513 423 2576 praesens
445 2495 558 2556 nostro
583 2513 729 2555 succurre
744 2491 864 2576 labori,

53 2593 204 2654 astrorum
228 2588 322 2652 decus
346 2591 378 2652 et
400 2609 568 2652 nemorum
589 2587 726 2652 Latonia
749 2592 865 2653 custos.
999 2604 1051 2654 405

53 2689 137 2771 siqua
158 2687 226 2750 tuis
250 2707 403 2768 umquam
425 2707 484 2769 pro
506 2708 558 2750 me
580 2690 672 2769 pater
694 2683 857 2768 Hyrtacus
881 2685 945 2749 aris

52 2784 126 2848 dona
148 2783 236 2868 tulit,
259 2783 351 2865 siqua
373 2782 442 2866 ipse
464 2784 544 2846 meis
567 2782 737 2847 venatibus
761 2783 835 2846 auxi

53 2880 235 2963 suspendive
258 2877 350 2944 tholo
375 2882 431 2942 aut
454 2901 543 2943 sacra
566 2879 606 2944 ad
628 2879 760 2964 fastigia
782 2879 852 2943 fixi:

51 2975 128 3041 hunc
150 2977 220 3042 sine
241 2997 292 3040 me
315 2975 447 3039 turbare
469 2976 604 3060 globum
627 2982 659 3041 et
686 2998 761 3062 rege
779 2977 844 3041 tela
861 2999 919 3060 per
938 2978 1051 3042 auras?

51 3073 175 3160 dixerat,
199 3077 232 3138 et
254 3077 325 3137 toto
349 3071 482 3137 conixus
506 3095 637 3158 corpore
659 3075 779 3138 ferrum
1000 3091 1051 3138 410

51 3171 172 3236 conicit:
195 3170 290 3234 hasta
313 3167 426 3234 volans
449 3171 553 3235 noctis
577 3170 757 3235 diverberat
779 3169 909 3234 umbras

51 3272 79 3332 et
98 3269 185 3334 venit
208 3267 335 3332 abversi
358 3267 392 3330 in
415 3270 543 3352 tergum
566 3265 729 3333 Sulmonis
752 3268 861 3351 ibique

49 3365 202 3450 frangitur
225 3386 262 3430 ae
283 3365 361 3428 fisso
385 3365 503 3428 transit
525 3365 709 3448 praecordia
731 3365 828 3450 ligno.
959 3430 963 3440 ,

49 3465 183 3528 volvitur
204 3463 260 3528 ille
283 3483 416 3526 vomens
440 3461 577 3526 calidum
600 3462 638 3526 de
661 3466 790 3547 pectore
813 3461 932 3526 flumen

48 3561 176 3647 frigidus
199 3565 233 3627 et
254 3560 362 3646 longis
386 3560 583 3646 singultibus
606 3560 663 3625 ilia
685 3561 801 3645 pulsat.
999 3573 1050 3622 415
