<?xml version="1.0" encoding="UTF-8"?>
<!DOCTYPE html PUBLIC "-//W3C//DTD XHTML 1.0 Transitional//EN"
    "http://www.w3.org/TR/xhtml1/DTD/xhtml1-transitional.dtd">
<html xmlns="http://www.w3.org/1999/xhtml" xml:lang="en" lang="en">
 <head>
  <title>
</title>
<meta http-equiv="Content-Type" content="text/html;charset=utf-8" />
  <meta name='ocr-system' content='tesseract 3.04.00' />
  <meta name='ocr-capabilities' content='ocr_page ocr_carea ocr_par ocr_line ocrx_word'/>
</head>
<body>
  <div class='ocr_page' id='page_1' title='image "./pvergilimaronis11virggoog/pvergilimaronis11virggoog_0170.png"; bbox 0 0 2612 3964; ppageno 0'>
   <div class='ocr_carea' id='block_1_1' title="bbox 424 238 1089 304">
    <p class='ocr_par' dir='ltr' id='par_1_1' title="bbox 424 238 1089 304">
     <span class='ocr_line' id='line_1_1' title="bbox 424 238 1089 304; baseline 0.018 -12"><span class='ocrx_word' id='word_1_1' title='bbox 424 238 573 294; x_wconf 83' lang='lat' dir='ltr'><strong>VERGILI</strong></span> <span class='ocrx_word' id='word_1_2' title='bbox 591 240 723 294; x_wconf 78' lang='lat' dir='ltr'><strong>Asuuls</strong></span> <span class='ocrx_word' id='word_1_3' title='bbox 742 242 755 294; x_wconf 97' lang='lat' dir='ltr'>I</span> <span class='ocrx_word' id='word_1_4' title='bbox 1027 240 1089 304; x_wconf 78' lang='grc'><strong>117</strong></span> 
     </span>
    </p>
   </div>
   <div class='ocr_carea' id='block_1_2' title="bbox 77 399 1093 3585">
    <p class='ocr_par' dir='ltr' id='par_1_2' title="bbox 78 399 901 485">
     <span class='ocr_line' id='line_1_2' title="bbox 78 399 901 485; baseline 0.005 -23"><span class='ocrx_word' id='word_1_5' title='bbox 78 399 245 464; x_wconf 88' lang='lat' dir='ltr'><strong>ardebant.</strong></span> <span class='ocrx_word' id='word_1_6' title='bbox 290 400 379 483; x_wconf 92' lang='lat' dir='ltr'><strong>prior</strong></span> <span class='ocrx_word' id='word_1_7' title='bbox 401 399 533 464; x_wconf 80' lang='lat' dir='ltr'>Aenean</span> <span class='ocrx_word' id='word_1_8' title='bbox 555 403 726 485; x_wconf 89' lang='lat' dir='ltr'><strong>compellat</strong></span> <span class='ocrx_word' id='word_1_9' title='bbox 747 401 901 466; x_wconf 85' lang='lat' dir='ltr'><strong>Achates:</strong></span> 
     </span>
    </p>

    <p class='ocr_par' dir='ltr' id='par_1_3' title="bbox 79 496 940 582">
     <span class='ocr_line' id='line_1_3' title="bbox 79 496 940 582; baseline 0.001 -23"><span class='ocrx_word' id='word_1_10' title='bbox 79 497 167 560; x_wconf 87' lang='lat' dir='ltr'><strong>‘nate</strong></span> <span class='ocrx_word' id='word_1_11' title='bbox 190 496 263 580; x_wconf 88' lang='lat' dir='ltr'><strong>dea,</strong></span> <span class='ocrx_word' id='word_1_12' title='bbox 287 518 368 580; x_wconf 88' lang='lat' dir='ltr'><strong>quae</strong></span> <span class='ocrx_word' id='word_1_13' title='bbox 389 518 476 560; x_wconf 90' lang='lat' dir='ltr'><strong>nunc</strong></span> <span class='ocrx_word' id='word_1_14' title='bbox 499 497 605 561; x_wconf 91' lang='lat' dir='ltr'><strong>animo</strong></span> <span class='ocrx_word' id='word_1_15' title='bbox 630 499 788 563; x_wconf 86' lang='lat' dir='ltr'><strong>sententia</strong></span> <span class='ocrx_word' id='word_1_16' title='bbox 812 498 940 582; x_wconf 83' lang='lat' dir='ltr'><strong>surgit?</strong></span> 
     </span>
    </p>

    <p class='ocr_par' dir='ltr' id='par_1_4' title="bbox 78 594 931 679">
     <span class='ocr_line' id='line_1_4' title="bbox 78 594 931 679; baseline 0.002 -23"><span class='ocrx_word' id='word_1_17' title='bbox 78 594 189 656; x_wconf 88' lang='lat' dir='ltr'><strong>omnia</strong></span> <span class='ocrx_word' id='word_1_18' title='bbox 210 597 284 657; x_wconf 87' lang='lat' dir='ltr'><strong>tuta</strong></span> <span class='ocrx_word' id='word_1_19' title='bbox 306 594 409 678; x_wconf 76' lang='lat' dir='ltr'><strong>vides,</strong></span> <span class='ocrx_word' id='word_1_20' title='bbox 432 594 566 658; x_wconf 81' lang='lat' dir='ltr'><strong>classem</strong></span> <span class='ocrx_word' id='word_1_21' title='bbox 589 595 756 679; x_wconf 91' lang='lat' dir='ltr'><strong>sociosque</strong></span> <span class='ocrx_word' id='word_1_22' title='bbox 779 599 931 678; x_wconf 83' lang='lat' dir='ltr'><strong>receptos.</strong></span> 
     </span>
    </p>

    <p class='ocr_par' dir='ltr' id='par_1_5' title="bbox 77 690 967 776">
     <span class='ocr_line' id='line_1_5' title="bbox 77 690 967 776; baseline -0.002 -22"><span class='ocrx_word' id='word_1_23' title='bbox 77 712 163 754; x_wconf 88' lang='lat' dir='ltr'><strong>unus</strong></span> <span class='ocrx_word' id='word_1_24' title='bbox 189 690 294 776; x_wconf 91' lang='lat' dir='ltr'><strong>abest,</strong></span> <span class='ocrx_word' id='word_1_25' title='bbox 316 691 420 754; x_wconf 91' lang='lat' dir='ltr'><strong>medio</strong></span> <span class='ocrx_word' id='word_1_26' title='bbox 443 691 479 754; x_wconf 90' lang='lat' dir='ltr'><strong>in</strong></span> <span class='ocrx_word' id='word_1_27' title='bbox 500 690 601 755; x_wconf 91' lang='lat' dir='ltr'><strong>fluctu</strong></span> <span class='ocrx_word' id='word_1_28' title='bbox 625 713 720 775; x_wconf 90' lang='lat' dir='ltr'><strong>quem</strong></span> <span class='ocrx_word' id='word_1_29' title='bbox 743 691 880 755; x_wconf 87' lang='lat' dir='ltr'><strong>vidimus</strong></span> <span class='ocrx_word' id='word_1_30' title='bbox 903 690 967 772; x_wconf 93' lang='lat' dir='ltr'><strong>ipsi</strong></span> 
     </span>
    </p>

    <p class='ocr_par' dir='ltr' id='par_1_6' title="bbox 78 787 1091 872">
     <span class='ocr_line' id='line_1_6' title="bbox 78 787 1091 872; baseline -0.001 -22"><span class='ocrx_word' id='word_1_31' title='bbox 78 788 301 871; x_wconf 65' lang='lat' dir='ltr'><strong>submersum</strong></span> <span class='ocrx_word' id='word_1_32' title='bbox 324 788 419 852; x_wconf 91' lang='lat' dir='ltr'><strong>dictis</strong></span> <span class='ocrx_word' id='word_1_33' title='bbox 441 788 635 872; x_wconf 88' lang='lat' dir='ltr'><strong>respondent</strong></span> <span class='ocrx_word' id='word_1_34' title='bbox 659 791 763 852; x_wconf 87' lang='lat' dir='ltr'><strong>cetera</strong></span> <span class='ocrx_word' id='word_1_35' title='bbox 785 787 919 851; x_wconf 86' lang='lat' dir='ltr'><strong>matris&#39;</strong></span> <span class='ocrx_word' id='word_1_36' title='bbox 1040 801 1091 850; x_wconf 75' lang='lat' dir='ltr'><strong>sss</strong></span> 
     </span>
    </p>

    <p class='ocr_par' dir='ltr' id='par_1_7' title="bbox 77 884 875 968">
     <span class='ocr_line' id='line_1_7' title="bbox 77 884 875 968; baseline -0.001 -20"><span class='ocrx_word' id='word_1_37' title='bbox 77 885 133 948; x_wconf 85' lang='lat' dir='ltr'><strong>vix</strong></span> <span class='ocrx_word' id='word_1_38' title='bbox 157 906 197 948; x_wconf 88' lang='lat' dir='ltr'><strong>ea</strong></span> <span class='ocrx_word' id='word_1_39' title='bbox 218 884 305 947; x_wconf 88' lang='lat' dir='ltr'><strong>fatus</strong></span> <span class='ocrx_word' id='word_1_40' title='bbox 330 887 413 968; x_wconf 89' lang='lat' dir='ltr'><strong>erat,</strong></span> <span class='ocrx_word' id='word_1_41' title='bbox 435 905 508 948; x_wconf 90' lang='lat' dir='ltr'><strong>cum</strong></span> <span class='ocrx_word' id='word_1_42' title='bbox 531 885 722 948; x_wconf 87' lang='lat' dir='ltr'><strong>circumfusa</strong></span> <span class='ocrx_word' id='word_1_43' title='bbox 744 888 875 967; x_wconf 90' lang='lat' dir='ltr'><strong>repente</strong></span> 
     </span>
    </p>

    <p class='ocr_par' dir='ltr' id='par_1_8' title="bbox 79 980 963 1066">
     <span class='ocr_line' id='line_1_8' title="bbox 79 980 963 1066; baseline 0 -22"><span class='ocrx_word' id='word_1_44' title='bbox 79 981 199 1045; x_wconf 90' lang='lat' dir='ltr'><strong>scindit</strong></span> <span class='ocrx_word' id='word_1_45' title='bbox 223 1002 256 1044; x_wconf 89' lang='lat' dir='ltr'><strong>se</strong></span> <span class='ocrx_word' id='word_1_46' title='bbox 279 980 381 1044; x_wconf 88' lang='lat' dir='ltr'><strong>nubes</strong></span> <span class='ocrx_word' id='word_1_47' title='bbox 405 984 437 1044; x_wconf 89' lang='lat' dir='ltr'><strong>et</strong></span> <span class='ocrx_word' id='word_1_48' title='bbox 460 981 495 1044; x_wconf 88' lang='lat' dir='ltr'><strong>in</strong></span> <span class='ocrx_word' id='word_1_49' title='bbox 518 981 647 1045; x_wconf 88' lang='lat' dir='ltr'><strong>aethera</strong></span> <span class='ocrx_word' id='word_1_50' title='bbox 669 987 788 1066; x_wconf 83' lang='lat' dir='ltr'><strong>purgat</strong></span> <span class='ocrx_word' id='word_1_51' title='bbox 805 985 963 1064; x_wconf 83' lang='lat' dir='ltr'><strong>apertum.</strong></span> 
     </span>
    </p>

    <p class='ocr_par' dir='ltr' id='par_1_9' title="bbox 78 1077 824 1161">
     <span class='ocr_line' id='line_1_9' title="bbox 78 1077 824 1161; baseline -0.001 -19"><span class='ocrx_word' id='word_1_52' title='bbox 78 1079 203 1142; x_wconf 74' lang='lat' dir='ltr'><strong>restitit</strong></span> <span class='ocrx_word' id='word_1_53' title='bbox 225 1077 351 1142; x_wconf 80' lang='lat' dir='ltr'><strong>Aeneas</strong></span> <span class='ocrx_word' id='word_1_54' title='bbox 375 1077 523 1161; x_wconf 89' lang='lat' dir='ltr'><strong>claraque</strong></span> <span class='ocrx_word' id='word_1_55' title='bbox 546 1079 582 1142; x_wconf 92' lang='lat' dir='ltr'><strong>in</strong></span> <span class='ocrx_word' id='word_1_56' title='bbox 603 1079 674 1143; x_wconf 87' lang='lat' dir='ltr'><strong>luee</strong></span> <span class='ocrx_word' id='word_1_57' title='bbox 696 1078 824 1142; x_wconf 86' lang='lat' dir='ltr'><strong>refulsit</strong></span> 
     </span>
    </p>

    <p class='ocr_par' dir='ltr' id='par_1_10' title="bbox 79 1174 989 1259">
     <span class='ocr_line' id='line_1_10' title="bbox 79 1174 989 1259; baseline -0.003 -20"><span class='ocrx_word' id='word_1_58' title='bbox 79 1197 116 1239; x_wconf 91' lang='lat' dir='ltr'><strong>os</strong></span> <span class='ocrx_word' id='word_1_59' title='bbox 140 1195 334 1257; x_wconf 87' lang='lat' dir='ltr'><strong>umerosque</strong></span> <span class='ocrx_word' id='word_1_60' title='bbox 357 1174 417 1238; x_wconf 89' lang='lat' dir='ltr'><strong>deo</strong></span> <span class='ocrx_word' id='word_1_61' title='bbox 441 1175 568 1259; x_wconf 82' lang='lat' dir='ltr'><strong>similis3</strong></span> <span class='ocrx_word' id='word_1_62' title='bbox 590 1197 729 1258; x_wconf 85' lang='lat' dir='ltr'><strong>namque</strong></span> <span class='ocrx_word' id='word_1_63' title='bbox 751 1176 822 1258; x_wconf 93' lang='lat' dir='ltr'><strong>ipsa</strong></span> <span class='ocrx_word' id='word_1_64' title='bbox 844 1175 989 1238; x_wconf 86' lang='lat' dir='ltr'><strong>decoram</strong></span> 
     </span>
    </p>

    <p class='ocr_par' dir='ltr' id='par_1_11' title="bbox 78 1271 1093 1356">
     <span class='ocr_line' id='line_1_11' title="bbox 78 1271 1093 1356; baseline -0.002 -20"><span class='ocrx_word' id='word_1_65' title='bbox 78 1271 252 1336; x_wconf 82' lang='lat' dir='ltr'><strong>caesariem</strong></span> <span class='ocrx_word' id='word_1_66' title='bbox 274 1275 352 1335; x_wconf 92' lang='lat' dir='ltr'><strong>nato</strong></span> <span class='ocrx_word' id='word_1_67' title='bbox 376 1271 522 1356; x_wconf 85' lang='lat' dir='ltr'><strong>genetrix</strong></span> <span class='ocrx_word' id='word_1_68' title='bbox 545 1272 716 1355; x_wconf 84' lang='lat' dir='ltr'><strong>lumenque</strong></span> <span class='ocrx_word' id='word_1_69' title='bbox 739 1273 886 1336; x_wconf 90' lang='lat' dir='ltr'><strong>iuventae</strong></span> <span class='ocrx_word' id='word_1_70' title='bbox 1041 1287 1093 1335; x_wconf 82' lang='grc'><strong>000</strong></span> 
     </span>
    </p>

    <p class='ocr_par' dir='ltr' id='par_1_12' title="bbox 79 1368 916 1454">
     <span class='ocr_line' id='line_1_12' title="bbox 79 1368 916 1454; baseline -0.001 -22"><span class='ocrx_word' id='word_1_71' title='bbox 79 1390 280 1454; x_wconf 89' lang='lat' dir='ltr'><strong>purpureum</strong></span> <span class='ocrx_word' id='word_1_72' title='bbox 301 1372 334 1431; x_wconf 88' lang='lat' dir='ltr'><strong>et</strong></span> <span class='ocrx_word' id='word_1_73' title='bbox 356 1368 459 1432; x_wconf 90' lang='lat' dir='ltr'><strong>laetos</strong></span> <span class='ocrx_word' id='word_1_74' title='bbox 484 1369 584 1432; x_wconf 88' lang='lat' dir='ltr'><strong>oculis</strong></span> <span class='ocrx_word' id='word_1_75' title='bbox 608 1369 742 1432; x_wconf 87' lang='lat' dir='ltr'><strong>adflarat</strong></span> <span class='ocrx_word' id='word_1_76' title='bbox 764 1368 916 1432; x_wconf 85' lang='lat' dir='ltr'><strong>honores:</strong></span> 
     </span>
    </p>

    <p class='ocr_par' dir='ltr' id='par_1_13' title="bbox 80 1464 966 1551">
     <span class='ocr_line' id='line_1_13' title="bbox 80 1464 966 1551; baseline -0.002 -21"><span class='ocrx_word' id='word_1_77' title='bbox 80 1467 177 1551; x_wconf 88' lang='lat' dir='ltr'><strong>quale</strong></span> <span class='ocrx_word' id='word_1_78' title='bbox 199 1487 312 1529; x_wconf 91' lang='lat' dir='ltr'><strong>manus</strong></span> <span class='ocrx_word' id='word_1_79' title='bbox 337 1465 458 1529; x_wconf 92' lang='lat' dir='ltr'><strong>addunt</strong></span> <span class='ocrx_word' id='word_1_80' title='bbox 481 1465 570 1528; x_wconf 89' lang='lat' dir='ltr'><strong>ebori</strong></span> <span class='ocrx_word' id='word_1_81' title='bbox 593 1466 702 1548; x_wconf 88' lang='lat' dir='ltr'><strong>decus,</strong></span> <span class='ocrx_word' id='word_1_82' title='bbox 725 1469 781 1528; x_wconf 89' lang='lat' dir='ltr'><strong>aut</strong></span> <span class='ocrx_word' id='word_1_83' title='bbox 804 1465 861 1528; x_wconf 92' lang='lat' dir='ltr'><strong>ubi</strong></span> <span class='ocrx_word' id='word_1_84' title='bbox 883 1464 966 1528; x_wconf 82' lang='lat' dir='ltr'><strong>flavo</strong></span> 
     </span>
    </p>

    <p class='ocr_par' dir='ltr' id='par_1_14' title="bbox 79 1562 880 1648">
     <span class='ocr_line' id='line_1_14' title="bbox 79 1562 880 1648; baseline -0.002 -20"><span class='ocrx_word' id='word_1_85' title='bbox 79 1567 253 1648; x_wconf 84' lang='lat' dir='ltr'><strong>argentum</strong></span> <span class='ocrx_word' id='word_1_86' title='bbox 275 1562 429 1628; x_wconf 80' lang='lat' dir='ltr'><strong>Pariusve</strong></span> <span class='ocrx_word' id='word_1_87' title='bbox 451 1563 533 1646; x_wconf 86' lang='lat' dir='ltr'><strong>lapis</strong></span> <span class='ocrx_word' id='word_1_88' title='bbox 558 1563 771 1626; x_wconf 91' lang='lat' dir='ltr'><strong>circumdatur</strong></span> <span class='ocrx_word' id='word_1_89' title='bbox 794 1583 880 1626; x_wconf 87' lang='lat' dir='ltr'><strong>aure.</strong></span> 
     </span>
    </p>

    <p class='ocr_par' dir='ltr' id='par_1_15' title="bbox 79 1659 960 1744">
     <span class='ocr_line' id='line_1_15' title="bbox 79 1659 960 1744; baseline -0.001 -20"><span class='ocrx_word' id='word_1_90' title='bbox 79 1666 153 1724; x_wconf 86' lang='lat' dir='ltr'><strong>tum</strong></span> <span class='ocrx_word' id='word_1_91' title='bbox 176 1660 223 1723; x_wconf 91' lang='lat' dir='ltr'><strong>sic</strong></span> <span class='ocrx_word' id='word_1_92' title='bbox 245 1661 390 1744; x_wconf 84' lang='lat' dir='ltr'><strong>reginam</strong></span> <span class='ocrx_word' id='word_1_93' title='bbox 412 1660 598 1742; x_wconf 89' lang='lat' dir='ltr'><strong>adloquitur</strong></span> <span class='ocrx_word' id='word_1_94' title='bbox 621 1659 807 1742; x_wconf 89' lang='lat' dir='ltr'><strong>cunctisque</strong></span> <span class='ocrx_word' id='word_1_95' title='bbox 830 1663 960 1742; x_wconf 88' lang='lat' dir='ltr'><strong>repente</strong></span> 
     </span>
    </p>

    <p class='ocr_par' dir='ltr' id='par_1_16' title="bbox 79 1755 1092 1840">
     <span class='ocr_line' id='line_1_16' title="bbox 79 1755 1092 1840; baseline 0.003 -20"><span class='ocrx_word' id='word_1_96' title='bbox 79 1757 277 1840; x_wconf 84' lang='lat' dir='ltr'><strong>improvisus</strong></span> <span class='ocrx_word' id='word_1_97' title='bbox 300 1756 358 1820; x_wconf 87' lang='lat' dir='ltr'><strong>ait:</strong></span> <span class='ocrx_word' id='word_1_98' title='bbox 383 1755 514 1840; x_wconf 82' lang='lat' dir='ltr'><strong>‘coram,</strong></span> <span class='ocrx_word' id='word_1_99' title='bbox 538 1779 632 1840; x_wconf 93' lang='lat' dir='ltr'><strong>quem</strong></span> <span class='ocrx_word' id='word_1_100' title='bbox 655 1757 822 1840; x_wconf 80' lang='lat' dir='ltr'><strong>quaeritis,</strong></span> <span class='ocrx_word' id='word_1_101' title='bbox 845 1757 955 1820; x_wconf 87' lang='lat' dir='ltr'><strong>adsum</strong></span> <span class='ocrx_word' id='word_1_102' title='bbox 1041 1773 1092 1824; x_wconf 79' lang='lat'><strong>595</strong></span> 
     </span>
    </p>

    <p class='ocr_par' dir='ltr' id='par_1_17' title="bbox 78 1853 857 1939">
     <span class='ocr_line' id='line_1_17' title="bbox 78 1853 857 1939; baseline -0.005 -19"><span class='ocrx_word' id='word_1_103' title='bbox 78 1857 200 1921; x_wconf 85' lang='lat' dir='ltr'><strong>Troius</strong></span> <span class='ocrx_word' id='word_1_104' title='bbox 223 1855 364 1939; x_wconf 86' lang='lat' dir='ltr'><strong>Aeneas,</strong></span> <span class='ocrx_word' id='word_1_105' title='bbox 386 1853 516 1938; x_wconf 87' lang='lat' dir='ltr'><strong>Libycis</strong></span> <span class='ocrx_word' id='word_1_106' title='bbox 541 1857 668 1937; x_wconf 89' lang='lat' dir='ltr'><strong>ereptus</strong></span> <span class='ocrx_word' id='word_1_107' title='bbox 692 1854 733 1917; x_wconf 90' lang='lat' dir='ltr'><strong>ab</strong></span> <span class='ocrx_word' id='word_1_108' title='bbox 756 1853 857 1916; x_wconf 88' lang='lat' dir='ltr'><strong>undis.</strong></span> 
     </span>
    </p>

    <p class='ocr_par' dir='ltr' id='par_1_18' title="bbox 79 1951 838 2036">
     <span class='ocr_line' id='line_1_18' title="bbox 79 1951 838 2036; baseline -0.005 -18"><span class='ocrx_word' id='word_1_109' title='bbox 79 1978 99 2018; x_wconf 96' lang='lat' dir='ltr'><strong>o</strong></span> <span class='ocrx_word' id='word_1_110' title='bbox 126 1952 196 2018; x_wconf 89' lang='lat' dir='ltr'><strong>sola</strong></span> <span class='ocrx_word' id='word_1_111' title='bbox 217 1951 366 2016; x_wconf 87' lang='lat' dir='ltr'><strong>infandos</strong></span> <span class='ocrx_word' id='word_1_112' title='bbox 389 1951 503 2016; x_wconf 84' lang='lat' dir='ltr'><strong>Troiae</strong></span> <span class='ocrx_word' id='word_1_113' title='bbox 526 1951 676 2014; x_wconf 89' lang='lat' dir='ltr'><strong>miserata</strong></span> <span class='ocrx_word' id='word_1_114' title='bbox 698 1951 838 2036; x_wconf 87' lang='lat' dir='ltr'><strong>labores,</strong></span> 
     </span>
    </p>

    <p class='ocr_par' dir='ltr' id='par_1_19' title="bbox 78 2047 993 2135">
     <span class='ocr_line' id='line_1_19' title="bbox 78 2047 993 2135; baseline -0.005 -20"><span class='ocrx_word' id='word_1_115' title='bbox 78 2073 165 2135; x_wconf 87' lang='lat' dir='ltr'><strong>quae</strong></span> <span class='ocrx_word' id='word_1_116' title='bbox 186 2071 262 2133; x_wconf 90' lang='lat' dir='ltr'><strong>nos,</strong></span> <span class='ocrx_word' id='word_1_117' title='bbox 284 2049 436 2132; x_wconf 91' lang='lat' dir='ltr'><strong>reliquias</strong></span> <span class='ocrx_word' id='word_1_118' title='bbox 460 2048 621 2132; x_wconf 88' lang='lat' dir='ltr'><strong>Danaum,</strong></span> <span class='ocrx_word' id='word_1_119' title='bbox 643 2053 810 2130; x_wconf 89' lang='lat' dir='ltr'><strong>terraeque</strong></span> <span class='ocrx_word' id='word_1_120' title='bbox 831 2047 993 2129; x_wconf 88' lang='lat' dir='ltr'><strong>marisque</strong></span> 
     </span>
    </p>

    <p class='ocr_par' dir='ltr' id='par_1_20' title="bbox 79 2144 966 2228">
     <span class='ocr_line' id='line_1_20' title="bbox 79 2144 966 2228; baseline -0.007 -15"><span class='ocrx_word' id='word_1_121' title='bbox 79 2148 233 2213; x_wconf 90' lang='lat' dir='ltr'><strong>omnibus</strong></span> <span class='ocrx_word' id='word_1_122' title='bbox 256 2146 421 2210; x_wconf 82' lang='lat' dir='ltr'><strong>exhaustis</strong></span> <span class='ocrx_word' id='word_1_123' title='bbox 444 2147 509 2208; x_wconf 86' lang='lat' dir='ltr'><strong>iam</strong></span> <span class='ocrx_word' id='word_1_124' title='bbox 532 2144 659 2208; x_wconf 87' lang='lat' dir='ltr'><strong>casibus</strong></span> <span class='ocrx_word' id='word_1_125' title='bbox 683 2145 826 2208; x_wconf 90' lang='lat' dir='ltr'><strong>omnium</strong></span> <span class='ocrx_word' id='word_1_126' title='bbox 849 2165 966 2228; x_wconf 87' lang='lat' dir='ltr'><strong>egenos</strong></span> 
     </span>
    </p>

    <p class='ocr_par' dir='ltr' id='par_1_21' title="bbox 78 2241 1093 2328">
     <span class='ocr_line' id='line_1_21' title="bbox 78 2241 1093 2328; baseline -0.005 -19"><span class='ocrx_word' id='word_1_127' title='bbox 78 2245 162 2309; x_wconf 87' lang='lat' dir='ltr'><strong>urbe</strong></span> <span class='ocrx_word' id='word_1_128' title='bbox 185 2245 280 2308; x_wconf 93' lang='lat' dir='ltr'><strong>domo</strong></span> <span class='ocrx_word' id='word_1_129' title='bbox 304 2243 420 2327; x_wconf 88' lang='lat' dir='ltr'><strong>socias,</strong></span> <span class='ocrx_word' id='word_1_130' title='bbox 443 2247 551 2327; x_wconf 82' lang='lat' dir='ltr'><strong>grates</strong></span> <span class='ocrx_word' id='word_1_131' title='bbox 574 2241 756 2324; x_wconf 86' lang='lat' dir='ltr'><strong>persolvere</strong></span> <span class='ocrx_word' id='word_1_132' title='bbox 769 2241 892 2328; x_wconf 29' lang='lat' dir='ltr'><strong>&#39;dignas</strong></span> <span class='ocrx_word' id='word_1_133' title='bbox 1041 2258 1093 2306; x_wconf 84' lang='lat'><strong>600</strong></span> 
     </span>
    </p>

    <p class='ocr_par' dir='ltr' id='par_1_22' title="bbox 78 2337 1075 2424">
     <span class='ocr_line' id='line_1_22' title="bbox 78 2337 1075 2424; baseline -0.004 -18"><span class='ocrx_word' id='word_1_134' title='bbox 78 2364 149 2408; x_wconf 91' lang='lat' dir='ltr'><strong>non</strong></span> <span class='ocrx_word' id='word_1_135' title='bbox 172 2340 243 2424; x_wconf 90' lang='lat' dir='ltr'><strong>opis</strong></span> <span class='ocrx_word' id='word_1_136' title='bbox 267 2343 316 2404; x_wconf 89' lang='lat' dir='ltr'><strong>est</strong></span> <span class='ocrx_word' id='word_1_137' title='bbox 337 2344 483 2423; x_wconf 85' lang='lat' dir='ltr'><strong>nostrae,</strong></span> <span class='ocrx_word' id='word_1_138' title='bbox 505 2338 604 2423; x_wconf 91' lang='lat' dir='ltr'><strong>Dido,</strong></span> <span class='ocrx_word' id='word_1_139' title='bbox 625 2359 683 2401; x_wconf 92' lang='lat' dir='ltr'><strong>nec</strong></span> <span class='ocrx_word' id='word_1_140' title='bbox 707 2337 861 2421; x_wconf 90' lang='lat' dir='ltr'><strong>quidquid</strong></span> <span class='ocrx_word' id='word_1_141' title='bbox 884 2338 1003 2420; x_wconf 88' lang='lat' dir='ltr'><strong>ubique</strong></span> <span class='ocrx_word' id='word_1_142' title='bbox 1026 2342 1075 2402; x_wconf 90' lang='lat' dir='ltr'><strong>est</strong></span> 
     </span>
    </p>

    <p class='ocr_par' dir='ltr' id='par_1_23' title="bbox 79 2434 1038 2524">
     <span class='ocr_line' id='line_1_23' title="bbox 79 2434 1038 2524; baseline -0.004 -22"><span class='ocrx_word' id='word_1_143' title='bbox 79 2438 189 2524; x_wconf 87' lang='lat' dir='ltr'><strong>gentis</strong></span> <span class='ocrx_word' id='word_1_144' title='bbox 212 2435 406 2521; x_wconf 84' lang='lat' dir='ltr'><strong>Dardaniae,</strong></span> <span class='ocrx_word' id='word_1_145' title='bbox 428 2457 581 2520; x_wconf 84' lang='lat' dir='ltr'><strong>magnum</strong></span> <span class='ocrx_word' id='word_1_146' title='bbox 604 2457 684 2518; x_wconf 89' lang='lat' dir='ltr'><strong>quae</strong></span> <span class='ocrx_word' id='word_1_147' title='bbox 709 2457 819 2517; x_wconf 90' lang='lat' dir='ltr'><strong>sparsa</strong></span> <span class='ocrx_word' id='word_1_148' title='bbox 841 2457 898 2517; x_wconf 90' lang='lat' dir='ltr'><strong>per</strong></span> <span class='ocrx_word' id='word_1_149' title='bbox 922 2434 1038 2498; x_wconf 93' lang='lat' dir='ltr'><strong>orbem.</strong></span> 
     </span>
    </p>

    <p class='ocr_par' dir='ltr' id='par_1_24' title="bbox 79 2531 925 2618">
     <span class='ocr_line' id='line_1_24' title="bbox 79 2531 925 2618; baseline -0.006 -20"><span class='ocrx_word' id='word_1_150' title='bbox 79 2537 115 2599; x_wconf 91' lang='lat' dir='ltr'><strong>di</strong></span> <span class='ocrx_word' id='word_1_151' title='bbox 136 2534 213 2618; x_wconf 89' lang='lat' dir='ltr'><strong>tibi,</strong></span> <span class='ocrx_word' id='word_1_152' title='bbox 236 2534 329 2616; x_wconf 87' lang='lat' dir='ltr'><strong>siqua</strong></span> <span class='ocrx_word' id='word_1_153' title='bbox 351 2533 422 2615; x_wconf 89' lang='lat' dir='ltr'><strong>pios</strong></span> <span class='ocrx_word' id='word_1_154' title='bbox 445 2536 628 2614; x_wconf 88' lang='lat' dir='ltr'><strong>respectant</strong></span> <span class='ocrx_word' id='word_1_155' title='bbox 650 2531 796 2615; x_wconf 87' lang='lat' dir='ltr'><strong>numina,</strong></span> <span class='ocrx_word' id='word_1_156' title='bbox 820 2531 925 2614; x_wconf 88' lang='lat' dir='ltr'><strong>siquid</strong></span> 
     </span>
    </p>

    <p class='ocr_par' dir='ltr' id='par_1_25' title="bbox 79 2628 957 2717">
     <span class='ocr_line' id='line_1_25' title="bbox 79 2628 957 2717; baseline -0.008 -20"><span class='ocrx_word' id='word_1_157' title='bbox 79 2655 219 2717; x_wconf 88' lang='lat' dir='ltr'><strong>usquam</strong></span> <span class='ocrx_word' id='word_1_158' title='bbox 241 2631 368 2694; x_wconf 87' lang='lat' dir='ltr'><strong>iustitia</strong></span> <span class='ocrx_word' id='word_1_159' title='bbox 390 2633 439 2693; x_wconf 89' lang='lat' dir='ltr'><strong>est</strong></span> <span class='ocrx_word' id='word_1_160' title='bbox 463 2634 495 2693; x_wconf 92' lang='lat' dir='ltr'><strong>et</strong></span> <span class='ocrx_word' id='word_1_161' title='bbox 517 2650 606 2692; x_wconf 90' lang='lat' dir='ltr'><strong>mens</strong></span> <span class='ocrx_word' id='word_1_162' title='bbox 631 2629 694 2692; x_wconf 90' lang='lat' dir='ltr'><strong>sibi</strong></span> <span class='ocrx_word' id='word_1_163' title='bbox 717 2628 842 2692; x_wconf 89' lang='lat' dir='ltr'><strong>conscia</strong></span> <span class='ocrx_word' id='word_1_164' title='bbox 865 2628 957 2711; x_wconf 91' lang='lat' dir='ltr'><strong>recti,</strong></span> 
     </span>
    </p>

    <p class='ocr_par' dir='ltr' id='par_1_26' title="bbox 80 2725 1093 2812">
     <span class='ocr_line' id='line_1_26' title="bbox 80 2725 1093 2812; baseline -0.001 -21"><span class='ocrx_word' id='word_1_165' title='bbox 80 2729 224 2812; x_wconf 88' lang='lat' dir='ltr'><strong>praemia</strong></span> <span class='ocrx_word' id='word_1_166' title='bbox 246 2727 343 2811; x_wconf 79' lang='lat' dir='ltr'><strong>digna</strong></span> <span class='ocrx_word' id='word_1_167' title='bbox 365 2727 478 2790; x_wconf 90' lang='lat' dir='ltr'><strong>ferant.</strong></span> <span class='ocrx_word' id='word_1_168' title='bbox 525 2747 607 2809; x_wconf 89' lang='lat' dir='ltr'><strong>quae</strong></span> <span class='ocrx_word' id='word_1_169' title='bbox 629 2730 662 2789; x_wconf 90' lang='lat' dir='ltr'><strong>te</strong></span> <span class='ocrx_word' id='word_1_170' title='bbox 685 2727 752 2788; x_wconf 88' lang='lat' dir='ltr'><strong>tam</strong></span> <span class='ocrx_word' id='word_1_171' title='bbox 774 2725 859 2788; x_wconf 88' lang='lat' dir='ltr'><strong>laeta</strong></span> <span class='ocrx_word' id='word_1_172' title='bbox 881 2725 1026 2789; x_wconf 87' lang='lat' dir='ltr'><strong>tulerunt</strong></span> <span class='ocrx_word' id='word_1_173' title='bbox 1042 2742 1093 2792; x_wconf 82' lang='grc'><strong>000</strong></span> 
     </span>
    </p>

    <p class='ocr_par' dir='ltr' id='par_1_27' title="bbox 80 2822 893 2908">
     <span class='ocr_line' id='line_1_27' title="bbox 80 2822 893 2908; baseline -0.005 -20"><span class='ocrx_word' id='word_1_174' title='bbox 80 2825 230 2889; x_wconf 82' lang='lat' dir='ltr'><strong>saecula?</strong></span> <span class='ocrx_word' id='word_1_175' title='bbox 254 2824 311 2908; x_wconf 90' lang='lat' dir='ltr'><strong>qui</strong></span> <span class='ocrx_word' id='word_1_176' title='bbox 333 2825 418 2887; x_wconf 87' lang='lat' dir='ltr'><strong>tanti</strong></span> <span class='ocrx_word' id='word_1_177' title='bbox 441 2824 539 2887; x_wconf 88' lang='lat' dir='ltr'><strong>talem</strong></span> <span class='ocrx_word' id='word_1_178' title='bbox 562 2843 700 2907; x_wconf 85' lang='lat' dir='ltr'><strong>genuere</strong></span> <span class='ocrx_word' id='word_1_179' title='bbox 723 2822 893 2904; x_wconf 83' lang='lat' dir='ltr'><strong>parentes?</strong></span> 
     </span>
    </p>

    <p class='ocr_par' dir='ltr' id='par_1_28' title="bbox 80 2919 1042 3002">
     <span class='ocr_line' id='line_1_28' title="bbox 80 2919 1042 3002; baseline -0.003 -16"><span class='ocrx_word' id='word_1_180' title='bbox 80 2923 116 2986; x_wconf 91' lang='lat' dir='ltr'><strong>in</strong></span> <span class='ocrx_word' id='word_1_181' title='bbox 136 2922 223 2985; x_wconf 89' lang='lat' dir='ltr'><strong>freta</strong></span> <span class='ocrx_word' id='word_1_182' title='bbox 245 2921 322 2983; x_wconf 91' lang='lat' dir='ltr'><strong>dum</strong></span> <span class='ocrx_word' id='word_1_183' title='bbox 344 2919 434 2984; x_wconf 85' lang='lat' dir='ltr'><strong>fluvii</strong></span> <span class='ocrx_word' id='word_1_184' title='bbox 458 2924 605 3002; x_wconf 90' lang='lat' dir='ltr'><strong>current,</strong></span> <span class='ocrx_word' id='word_1_185' title='bbox 623 2919 699 2982; x_wconf 92' lang='lat' dir='ltr'><strong>dum</strong></span> <span class='ocrx_word' id='word_1_186' title='bbox 721 2919 886 2982; x_wconf 90' lang='lat' dir='ltr'><strong>montibus</strong></span> <span class='ocrx_word' id='word_1_187' title='bbox 910 2919 1042 2984; x_wconf 90' lang='lat' dir='ltr'><strong>umbrae</strong></span> 
     </span>
    </p>

    <p class='ocr_par' dir='ltr' id='par_1_29' title="bbox 79 3016 934 3100">
     <span class='ocr_line' id='line_1_29' title="bbox 79 3016 934 3100; baseline -0.005 -17"><span class='ocrx_word' id='word_1_188' title='bbox 79 3019 282 3100; x_wconf 90' lang='lat' dir='ltr'><strong>lustrabunt,</strong></span> <span class='ocrx_word' id='word_1_189' title='bbox 305 3037 445 3081; x_wconf 84' lang='lat' dir='ltr'><strong>convexa</strong></span> <span class='ocrx_word' id='word_1_190' title='bbox 468 3018 562 3100; x_wconf 91' lang='lat' dir='ltr'><strong>polus</strong></span> <span class='ocrx_word' id='word_1_191' title='bbox 586 3016 662 3079; x_wconf 94' lang='lat' dir='ltr'><strong>dum</strong></span> <span class='ocrx_word' id='word_1_192' title='bbox 686 3016 789 3078; x_wconf 87' lang='lat' dir='ltr'><strong>sidera</strong></span> <span class='ocrx_word' id='word_1_193' title='bbox 812 3020 934 3100; x_wconf 87' lang='lat' dir='ltr'><strong>pascet,</strong></span> 
     </span>
    </p>

    <p class='ocr_par' dir='ltr' id='par_1_30' title="bbox 81 3112 1057 3199">
     <span class='ocr_line' id='line_1_30' title="bbox 81 3112 1057 3199; baseline -0.002 -21"><span class='ocrx_word' id='word_1_194' title='bbox 81 3135 207 3196; x_wconf 88' lang='lat' dir='ltr'><strong>semper</strong></span> <span class='ocrx_word' id='word_1_195' title='bbox 229 3112 334 3176; x_wconf 88' lang='lat' dir='ltr'><strong>honos</strong></span> <span class='ocrx_word' id='word_1_196' title='bbox 355 3130 535 3195; x_wconf 90' lang='lat' dir='ltr'><strong>nomenque</strong></span> <span class='ocrx_word' id='word_1_197' title='bbox 557 3118 651 3176; x_wconf 91' lang='lat' dir='ltr'><strong>tuum</strong></span> <span class='ocrx_word' id='word_1_198' title='bbox 673 3113 846 3195; x_wconf 88' lang='lat' dir='ltr'><strong>laudesque</strong></span> <span class='ocrx_word' id='word_1_199' title='bbox 868 3113 1057 3199; x_wconf 90' lang='lat' dir='ltr'><strong>manebunt,</strong></span> 
     </span>
    </p>

    <p class='ocr_par' dir='ltr' id='par_1_31' title="bbox 80 3209 1093 3296">
     <span class='ocr_line' id='line_1_31' title="bbox 80 3209 1093 3296; baseline 0 -21"><span class='ocrx_word' id='word_1_200' title='bbox 80 3233 164 3296; x_wconf 87' lang='lat' dir='ltr'><strong>quae</strong></span> <span class='ocrx_word' id='word_1_201' title='bbox 180 3230 386 3292; x_wconf 89' lang='lat' dir='ltr'><strong>mecumque</strong></span> <span class='ocrx_word' id='word_1_202' title='bbox 405 3213 520 3272; x_wconf 86' lang='lat' dir='ltr'><strong>vocant</strong></span> <span class='ocrx_word' id='word_1_203' title='bbox 539 3209 663 3274; x_wconf 83' lang='lat' dir='ltr'><strong>terrae’</strong></span> <span class='ocrx_word' id='word_1_204' title='bbox 706 3210 752 3274; x_wconf 90' lang='lat' dir='ltr'><strong>sio</strong></span> <span class='ocrx_word' id='word_1_205' title='bbox 770 3209 857 3272; x_wconf 88' lang='lat' dir='ltr'><strong>fatus</strong></span> <span class='ocrx_word' id='word_1_206' title='bbox 877 3209 1013 3274; x_wconf 86' lang='lat' dir='ltr'><strong>amicum</strong></span> <span class='ocrx_word' id='word_1_207' title='bbox 1042 3228 1093 3275; x_wconf 84' lang='lat'><strong>610</strong></span> 
     </span>
    </p>

    <p class='ocr_par' dir='ltr' id='par_1_32' title="bbox 79 3305 833 3392">
     <span class='ocr_line' id='line_1_32' title="bbox 79 3305 833 3392; baseline -0.004 -20"><span class='ocrx_word' id='word_1_208' title='bbox 79 3308 204 3372; x_wconf 90' lang='lat' dir='ltr'><strong>Ilionea</strong></span> <span class='ocrx_word' id='word_1_209' title='bbox 226 3307 310 3390; x_wconf 92' lang='lat' dir='ltr'><strong>petit</strong></span> <span class='ocrx_word' id='word_1_210' title='bbox 333 3307 458 3392; x_wconf 87' lang='lat' dir='ltr'><strong>dextra,</strong></span> <span class='ocrx_word' id='word_1_211' title='bbox 480 3307 633 3391; x_wconf 87' lang='lat' dir='ltr'><strong>laevaque</strong></span> <span class='ocrx_word' id='word_1_212' title='bbox 657 3305 833 3390; x_wconf 81' lang='lat' dir='ltr'><strong>Serestum,</strong></span> 
     </span>
    </p>

    <p class='ocr_par' dir='ltr' id='par_1_33' title="bbox 78 3402 1022 3585">
     <span class='ocr_line' id='line_1_33' title="bbox 78 3402 1022 3489; baseline -0.002 -20"><span class='ocrx_word' id='word_1_213' title='bbox 78 3409 156 3489; x_wconf 91' lang='lat' dir='ltr'><strong>post</strong></span> <span class='ocrx_word' id='word_1_214' title='bbox 179 3403 275 3486; x_wconf 89' lang='lat' dir='ltr'><strong>alios,</strong></span> <span class='ocrx_word' id='word_1_215' title='bbox 297 3403 478 3486; x_wconf 82' lang='lat' dir='ltr'><strong>fortemque</strong></span> <span class='ocrx_word' id='word_1_216' title='bbox 501 3402 595 3486; x_wconf 82' lang='lat' dir='ltr'><strong>Gyan</strong></span> <span class='ocrx_word' id='word_1_217' title='bbox 616 3405 796 3486; x_wconf 86' lang='lat' dir='ltr'><strong>fortemque</strong></span> <span class='ocrx_word' id='word_1_218' title='bbox 820 3403 1022 3468; x_wconf 81' lang='lat' dir='ltr'><strong>Cloanthum.</strong></span> 
     </span>
     <span class='ocr_line' id='line_1_34' title="bbox 123 3498 854 3585; baseline 0 -21"><span class='ocrx_word' id='word_1_219' title='bbox 123 3499 295 3583; x_wconf 87' lang='lat' dir='ltr'><strong>Obstipuit</strong></span> <span class='ocrx_word' id='word_1_220' title='bbox 317 3500 421 3583; x_wconf 90' lang='lat' dir='ltr'><strong>primo</strong></span> <span class='ocrx_word' id='word_1_221' title='bbox 446 3503 576 3583; x_wconf 90' lang='lat' dir='ltr'><strong>aspectu</strong></span> <span class='ocrx_word' id='word_1_222' title='bbox 602 3498 733 3564; x_wconf 85' lang='lat' dir='ltr'><strong>Sidonia</strong></span> <span class='ocrx_word' id='word_1_223' title='bbox 756 3499 854 3585; x_wconf 91' lang='lat' dir='ltr'><strong>Dido,</strong></span> 
     </span>
    </p>
   </div>
   <div class='ocr_carea' id='block_1_3' title="bbox 0 0 1311 3964">
    <p class='ocr_par' dir='ltr' id='par_1_34' title="bbox 0 0 1311 3964">
     <span class='ocr_line' id='line_1_35' title="bbox 0 0 1311 3964; baseline 0 0"><span class='ocrx_word' id='word_1_224' title='bbox 0 0 1311 3964; x_wconf 95' lang='lat' dir='ltr'><strong> </strong></span> 
     </span>
    </p>
   </div>
  </div>
 </body>
</html>
