2556 3966
386 307 535 364 vulcano
553 308 684 364 aunuls
703 309 746 363 xl
999 307 1064 372 313

60 471 149 559 (haut
171 469 277 560 mora)
301 471 526 554 conversisque
548 471 648 556 fugax
671 472 816 536 aufertur
837 471 971 536 habenis

62 569 356 652 quadrupedemque
380 569 479 632 citum
501 568 621 632 ferrata
644 569 728 634 calce
750 569 875 654 fatigat.

62 665 269 750 ε1111111111
289 666 473 748 frustraque
495 665 610 728 animis
634 665 716 730 elate
739 666 897 751 superbis,
1013 681 1065 728 111

61 763 251 846 nequiquam
274 761 396 846 patrias
419 762 587 844 temptasti
609 761 753 826 lubricus
777 763 866 848 artis,

62 881 114 922 nec
135 859 223 922 fraus
246 863 281 923 te
303 859 496 923 incolumem
517 859 624 924 fallaci
644 859 782 943 perferet
800 859 916 944 Aun0‚'

62 958 134 1021 haec
154 958 242 1021 fatur
265 957 358 1041 virgo
382 961 414 1020 et
437 956 621 1039 pernicibus
643 957 741 1040 ignea*
760 956 879 1039 plantis

63 1054 173 1118 transit
195 1076 287 1118 ecum
310 1075 405 1118 cursu
428 1053 591 1136 frenisque
614 1053 746 1118 adversa
765 1051 932 1136 prehensis

64 1150 260 1235 congreditur
282 1171 464 1234 poenasque
488 1149 617 1212 inimico
641 1171 679 1213 ex
703 1150 858 1235 sanguine
882 1149 1065 1214 1111111110

66 1271 154 1331 quam
175 1247 269 1311 facile
293 1247 444 1330 accipiter
467 1267 544 1310 saxo
569 1267 656 1311 racer
679 1247 745 1311 ales
768 1247 808 1312 ab
832 1247 898 1311 alto
1071 1243 1077 1327 1

65 1345 263 1428 consequitur
285 1343 393 1428 pinnis
419 1343 589 1408 sublimem
612 1343 647 1406 in
668 1343 754 1408 nube
777 1343 957 1408 columbam
1068 1330 1074 1388 l

65 1461 339 1525 comprensamque
362 1443 452 1504 tenet
474 1438 672 1524 pedibusque
695 1441 849 1504 eviscerat
872 1441 975 1526 uncis3

66 1543 128 1601 tum
149 1559 244 1602 cruor
267 1541 299 1600 et
321 1537 430 1602 vulsae
452 1536 607 1600 labuntur
630 1537 670 1600 ab
694 1537 821 1602 aethere
843 1538 978 1622 plumae.

105 1633 147 1699 lt
166 1656 234 1700 non
252 1633 330 1698 haec
346 1634 445 1698 nullis
465 1633 633 1697 hominum
652 1637 740 1698 rator
759 1637 855 1718 atque
874 1634 1004 1698 deorum
1015 1650 1065 1700 111

68 1732 231 1796 observans
256 1731 357 1795 oculis
381 1752 507 1795 summo
531 1729 619 1794 sedet
643 1729 727 1794 altus
752 1729 902 1815 Olympo:

68 1829 259 1913 Tyrrhenum
282 1828 409 1913 genitor
432 1827 629 1892 Tarchonem
651 1827 686 1890 in
708 1828 830 1910 proelia
853 1849 947 1892 saeva

69 1926 192 1990 suscitat
215 1929 248 1988 et
272 1923 411 1988 stimulis
434 1923 514 1986 haut
537 1923 689 1986 mollibus
712 1923 829 1996 incutit
852 1925 924 1989 iras.

70 2045 134 2107 ergo
159 2023 244 2086 inter
267 2020 376 2084 caedes
400 2019 606 2104 cedentiaque
629 2020 757 2104 agmina
780 2019 927 2084 Tarchon

69 2120 159 2183 fertur
182 2140 265 2202 equo
288 2117 450 2200 variisque
473 2116 608 2200 instigat
630 2116 763 2180 vocibus
787 2117 853 2180 alas
1015 2135 1066 2184 ⁷30

69 2217 185 2282 nomine
209 2235 368 2299 quemque
390 2235 518 2298 vocans,
540 2213 706 2296 reficitque
727 2213 763 2277 in
784 2214 907 2298 proelia
929 2214 1048 2298 pulsos.

71 2313 143 2396 ‘quis
165 2317 281 2397 metus,
304 2333 323 2375 o
346 2332 522 2394 numquam
544 2309 687 2396 dolituri,
710 2333 728 2375 o
753 2333 876 2395 semper
900 2311 1017 2374 inertes

71 2409 226 2493 Tyrrheni,
249 2427 331 2492 quae
353 2410 445 2470 111111
468 2407 584 2470 animis
607 2407 736 2491 ignavia
758 2408 867 2472 venit?

70 2506 175 2571 semina
197 2504 338 2590 palantis
361 2503 430 2588 agit
453 2507 549 2586 atque
571 2502 649 2569 haec
673 2506 800 2590 agmina
823 2506 933 2570 vertit!

72 2624 123 2685 quo
140 2604 262 2667 ferrum
279 2599 395 2685 quidve
412 2599 490 2664 haec
508 2601 648 2684 gerimus
668 2601 733 2666 tela
751 2602 850 2665 inrita
868 2602 1067 2668 dextristaaa

72 2704 97 2763 at
115 2722 180 2764 non
202 2699 238 2762 in
259 2697 417 2762 Venerem
440 2719 553 2782 segnes
576 2701 795 2782 nocturnaque
816 2698 900 2762 bella

72 2801 117 2861 aut
137 2796 315 2882 ubicurva
331 2793 452 2885 choros
475 2795 593 2858 indixit
615 2794 697 2858 tibia
719 2794 835 2859 Bacchi

72 2897 222 2977 expectate
246 2892 343 2974 dapes
366 2895 398 2956 et
421 2892 533 2976 plenae
556 2892 670 2975 pocula
692 2913 819 2956 mensae

73 2988 127 3074 (hic
144 3011 243 3075 amor,
264 2988 326 3053 hoc
345 2988 511 3075 studium),
531 2987 607 3051 dum
625 3010 714 3052 sacra
734 2988 889 3052 secundus
908 2987 1068 3072 haruspex

72 3089 184 3152 nuntiet
207 3109 245 3150 ac
266 3086 356 3149 lucos
379 3090 472 3150 vocet
493 3085 602 3148 hostia
624 3087 754 3170 pinguis
777 3087 812 3148 in
836 3087 944 3150 altost'
1017 3103 1068 3151 140

72 3181 136 3249 haec
157 3185 272 3249 effatus
295 3205 386 3246 ccum
407 3183 443 3246 in
464 3183 595 3267 medios,
617 3184 794 3246 moriturus
818 3187 849 3246 et
873 3184 950 3268 ipse,

74 3283 195 3348 concitat
219 3285 252 3346 et
275 3279 401 3344 Venulo
425 3280 592 3344 adversum
615 3301 649 3343 se
672 3279 820 3343 turbidus
844 3280 942 3343 infert

74 3377 286 3464 dereptumque
310 3378 350 3440 ab
374 3399 457 3460 equo
481 3377 592 3440 dextra
615 3377 837 3460 complectitur
859 3377 987 3441 hostem

74 3479 98 3538 11
117 3479 270 3562 gremium
294 3479 368 3539 ante
392 3497 485 3539 suum
508 3474 610 3537 multa
634 3475 665 3536 vi
689 3475 832 3537 concitus
857 3473 968 3536 aufert.

73 3572 182 3638 tollitur
204 3574 240 3636 in
262 3572 384 3636 caelum
407 3570 534 3650 clamor,
557 3570 727 3654 cunctique
750 3569 857 3634 Latini
1015 3584 1066 3631 141
