2612 3964
414 289 561 344 VERGILI
582 289 711 344 AENEIS
731 291 769 344 llI
1033 289 1094 354 149

87 453 226 538 virgulta
249 457 281 516 et
305 453 410 517 densis
433 453 606 516 hastilibus
631 452 761 517 horrida
784 457 917 536 myrtus.

85 549 201 614 accessi
224 549 423 633 viridemque
446 550 486 613 ab
509 550 608 613 humo
632 551 809 614 convellere
832 551 945 613 silvam

84 651 231 732 conatuS‚
254 647 353 710 ramis
376 651 517 731 tegerem
539 651 577 710 ut
599 647 822 711 frondentibus
846 668 931 731 aras,
1061 662 1094 710 25

83 745 277 810 horrendum
301 748 333 807 et
356 745 442 807 dictu
466 744 557 808 video
580 743 727 808 mirabile
749 749 937 809 monstrum.

82 863 156 904 nam
180 861 264 925 quae
287 840 391 923 prima
415 841 484 904 solo
507 841 612 924 ruptis
636 841 797 905 radicibus
821 842 916 905 arbos

85 938 226 1024 vellitur,
248 937 324 1001 huie
348 941 418 1001 atro
441 938 583 1000 licuntur
607 940 762 1022 sanguine
786 942 899 1023 guttae

84 1041 114 1099 et
135 1041 259 1100 terram
281 1035 359 1098 tabo
382 1029 551 1099 maculant.
598 1035 677 1098 mihi
700 1036 836 1120 frigidus
860 1035 975 1100 horror

82 1134 226 1198 membra
248 1132 368 1215 quatit,
391 1132 578 1217 gelidusque
601 1132 666 1195 coit
689 1133 857 1196 formidine
882 1131 1020 1215 sanguis.
1059 1147 1093 1195 30

83 1254 194 1296 rursus
218 1235 250 1294 et
273 1230 405 1292 alterius
428 1230 552 1294 lentum
574 1229 750 1294 convellere
773 1229 879 1292 vimen

82 1330 235 1412 insequor
258 1330 290 1389 et
314 1347 425 1389 causas
448 1327 577 1409 penitus
600 1330 758 1409 temptare
780 1326 924 1390 latentis:

83 1433 150 1490 ater
174 1429 207 1488 et
230 1424 363 1487 alterius
387 1424 533 1506 sequitur
556 1424 594 1486 de
618 1424 735 1488 cortice
759 1424 898 1508 sanguis.

81 1524 184 1586 multa
207 1541 339 1584 movens
363 1520 468 1583 animo
492 1519 650 1603 nymphas
674 1521 848 1585 venerabar
872 1520 1008 1605 agrestis

83 1620 320 1702 Gradivomque
343 1622 481 1702 patrem,
504 1616 624 1682 Geticis
649 1618 705 1700 qui
728 1618 887 1702 praesidet
911 1619 1008 1702 arvia,
1059 1633 1092 1682 35

81 1719 143 1782 rite
167 1716 378 1781 secundarent
401 1715 489 1778 visus
514 1737 669 1798 omenque
692 1715 842 1779 levarent.

82 1815 178 1879 tertia
203 1813 258 1877 sed
281 1817 455 1896 postquam
476 1813 597 1876 maiore
620 1812 751 1876 hastilia
773 1813 848 1876 nisu

82 1911 251 1998 adgredior
274 1910 473 1994 genibusque
497 1909 646 1973 adversae
671 1910 818 1974 obluctor
839 1909 990 1994 harenae,

82 2009 229 2096 (eloquar
253 2030 295 2072 an
318 2005 464 2093 sileam‘l)
489 2007 628 2091 gemitus
651 2007 858 2070 lacrimabilis
882 2007 946 2070 imo

82 2108 212 2172 auditur
233 2105 374 2191 tumulo,
398 2108 430 2168 et
453 2123 516 2168 vox
538 2105 662 2167 reddita
685 2105 787 2169 fertur
810 2105 850 2168 ad
873 2106 959 2168 auris
1058 2121 1091 2169 40

83 2205 171 2288 ‘quid
193 2203 360 2288 miserum,
382 2199 504 2286 Aenea,
526 2201 669 2265 laceras?
692 2201 757 2264 iam
780 2223 872 2284 parce
897 2202 1036 2286 sepulto,

81 2325 174 2385 parce
197 2301 268 2383 pias
293 2299 445 2363 scelerare
468 2320 590 2361 manus.
631 2321 697 2362 non
719 2321 770 2362 me
792 2299 855 2362 tibi
878 2298 974 2362 Troia

82 2405 249 2463 externum
271 2397 350 2459 tulit
374 2399 429 2458 aut
453 2416 546 2458 cruor
568 2395 621 2458 hic
644 2395 682 2458 de
706 2395 816 2478 stipite
839 2400 956 2458 manat.

80 2497 142 2560 heu
164 2499 242 2579 fuge
265 2491 401 2557 crudelis
424 2495 541 2576 terras,
564 2493 640 2576 fuge
662 2492 740 2558 litus
764 2515 904 2556 avarum.

81 2617 153 2658 nam
177 2590 357 2675 Polydorus
381 2609 449 2673 ege.
494 2587 547 2652 hic
569 2589 730 2653 confixum
752 2591 855 2654 ferrea
877 2590 958 2653 texit
1058 2606 1091 2654 45

82 2692 220 2755 telorum
244 2707 334 2770 seges
359 2689 390 2748 et
414 2685 526 2748 iaculis
549 2686 684 2750 increvit
708 2685 831 2750 acutis?

81 2793 148 2852 tum
170 2807 249 2850 vero
274 2783 406 2866 ancipiti
429 2786 569 2846 mentem
591 2784 761 2847 formidine
784 2806 913 2866 pressus

82 2884 226 2968 obstipui
250 2885 472 2964 steteruntque
496 2903 604 2944 comae
627 2885 659 2944 et
682 2903 745 2944 vox
768 2880 914 2944 faucibus
936 2882 1049 2946 haesit.

122 2982 220 3046 Hunc
240 2977 436 3061 Polydorum
459 2979 528 3042 auri
548 2979 708 3060 quondam
726 3000 798 3041 cum
815 2978 954 3060 pondere
973 3000 1090 3063 magno

81 3079 191 3142 infelix
214 3075 361 3140 Priamus
384 3075 499 3139 furtim
521 3076 688 3139 mandarat
712 3075 859 3138 alendum
1058 3095 1091 3142 5ο

81 3175 229 3240 Threicio
251 3173 334 3258 regi,
357 3195 430 3236 cum
452 3173 517 3236 iam
540 3173 698 3236 diffideret
722 3173 819 3236 armis

80 3272 259 3338 Dardaniae
283 3271 432 3354 cingique
455 3270 568 3333 urbem
591 3270 756 3333 obsidione
779 3269 909 3333 videret.

80 3371 146 3457 ille,
169 3374 207 3434 ut
231 3389 307 3452 opes
330 3368 449 3431 fractae
472 3367 630 3431 Teucrum
653 3372 685 3431 et
708 3366 851 3430 Fortuna
874 3368 1021 3453 recessit,

80 3490 129 3531 res
152 3464 425 3550 Agamemnonias
448 3463 654 3548 victriciaque
678 3487 766 3528 arma
790 3467 917 3528 secutus

81 3565 128 3626 fas
152 3585 246 3628 omne
270 3560 446 3644 abrumpit:
469 3558 665 3642 Polydorum
689 3561 860 3624 obtruncat
883 3565 915 3624 et
940 3583 1016 3625 auro
1058 3577 1091 3625 55
