2556 3966
357 274 501 330 VERGILI
519 273 650 330 canals
669 275 720 328 XII
977 275 1043 339 405

39 435 122 499 suasi
144 439 177 499 et
199 457 259 519 pro
283 437 351 500 vita
372 436 495 500 maiora
517 437 631 500 audere
653 437 798 523 probavi,

38 554 99 595 non
122 538 158 596 ut
182 534 248 597 tela
270 537 388 618 tamen,
409 555 477 597 non
498 537 535 597 ut
558 534 762 598 contenderet
786 556 906 598 arcum:
993 550 1044 599 818

39 629 144 694 adiuro
169 627 278 715 Stygii
300 634 396 714 caput
418 629 609 715 inplacabile
630 631 739 716 fontis,

39 749 95 790 una
118 728 309 812 superstitio
334 728 459 812 superis
482 749 563 811 quae
586 728 709 792 reddita
732 728 821 792 divis

38 827 66 886 88
86 845 174 887 nunc
196 823 274 887 cedo
298 824 446 906 equidem
468 834 657 909 pugnasque
680 847 777 889 exosa
799 825 954 908 relinquo,

37 920 111 984 illud
133 925 178 1006 te,
199 920 290 984 nulla
312 920 370 984 fati
395 922 481 1004 quod
503 922 574 1006 lege
595 926 733 1008 tenetur,

37 1040 88 1102 pro
112 1017 209 1082 Latio
235 1017 390 1104 obtestor,
411 1040 470 1103 pro
493 1019 661 1083 maiestate
683 1023 826 1084 tuorum:
991 1034 1043 1082 880

36 1136 101 1178 curn
125 1115 193 1177 iam
216 1113 362 1179 conubiis
385 1135 495 1197 pacem
517 1115 664 1180 felicibus
689 1113 788 1203 (esto)

35 1214 235 1295 component,
257 1233 330 1275 cum
352 1212 417 1274 iam
440 1212 526 1296 leges
550 1217 583 1277 88
605 1213 732 1277 foedera
753 1213 897 1298 iungant,

34 1331 70 1372 88
92 1311 188 1372 vetus
212 1308 378 1392 indigenas
400 1329 519 1373 nomeu
541 1314 665 1373 mutare
688 1308 822 1374 Latinos

34 1429 93 1469 neu
115 1404 220 1468 Troas
243 1405 313 1469 fieri
336 1405 447 1469 iubeas
471 1405 673 1490 Teucrosque
697 1407 802 1471 vocari

36 1510 87 1567 aut
111 1524 223 1568 vocem
245 1507 371 1567 mutare
394 1504 481 1568 viros
505 1507 561 1567 aut
584 1507 707 1567 vertere
730 1509 859 1568 vestem.
992 1520 1043 1569 888

1 1603 2 1606 ’
36 1602 75 1664 sit
98 1599 239 1686 Latium,
262 1601 328 1664 sint
351 1600 470 1664 Albani
494 1621 550 1683 per
574 1601 699 1664 saecula
721 1622 823 1686 reges,
1066 1627 1092 1704 μ

36 1698 75 1760 818
98 1695 247 1760 Romana
268 1700 384 1780 potens
403 1696 486 1760 Itala
509 1698 630 1760 virtute
652 1718 809 1781 propago:
1087 1677 1092 1739 l

37 1793 159 1877 occidit,
182 1781 396 1877 occideritque
419 1794 505 1859 sinas
529 1818 602 1859 cum
623 1796 752 1859 nomine
775 1794 893 1858 Troia?

37 1890 89 1954 olli
113 1889 285 1953 subridens
308 1890 475 1955 hominum
498 1914 668 1975 rerumque
690 1896 836 1976 repertor

37 1988 78 2051 ‘es
102 2006 255 2072 germana
277 1986 363 2052 Iovis
388 1985 582 2074 Saturnique
605 1990 707 2053 altera
729 1990 849 2073 proles:
992 2007 1043 2056 880
1085 2047 1090 2080 ἶ

35 2085 155 2147 irarum
177 2085 287 2147 tantos
311 2083 414 2147 volvis
438 2085 498 2148 sub
521 2090 650 2168 pectore
672 2085 798 2150 fluctus.

36 2202 145 2244 verum
168 2200 227 2264 age
250 2184 283 2243 et
305 2181 470 2263 inceptum
494 2184 615 2246 frustra
638 2184 804 2246 summitte
826 2183 980 2249 furorem:

35 2278 66 2341 ni
88 2281 122 2340 te
145 2279 257 2339 tantus
280 2276 346 2340 edit
368 2278 501 2343 tacitam
524 2280 616 2344 dolor
639 2280 773 2343 etmihi
797 2301 890 2344 curae
991 2298 1041 2347 801

36 2397 127 2460 saepe
151 2378 208 2438 tuo
232 2374 316 2438 dulci
339 2376 449 2439 tristes
473 2397 512 2440 ex
536 2397 590 2439 ore
612 2381 786 2462 recursent‚
991 2395 1042 2444 808

35 2475 72 2538 do
97 2472 185 2556 quod
207 2472 267 2557 118,
288 2476 321 2536 88
344 2495 395 2536 818
417 2473 585 2555 rictusque
607 2473 782 2556 volensque
804 2475 943 2539 remitto,
991 2493 1042 2541 888

36 2591 213 2634 8818188881
235 2569 373 2633 Ausonii
395 2569 537 2654 patrium
559 2591 727 2653 moresque
748 2571 910 2659 tenebunt,

35 2672 134 2751 utque
156 2669 206 2729 est
228 2687 345 2729 nomen
368 2667 442 2751 erit3
466 2667 631 2730 commixti
653 2689 786 2750 corpore
808 2672 899 2733 88880
991 2686 1043 2735 888
1091 2707 1094 2716 ·

2 2809 3 2812 ¹
36 2762 202 2827 subsident
224 2761 345 2826 Teucri.
391 2785 513 2828 morem
536 2764 682 2847 ritusque
706 2786 869 2828 sacrorum

36 2861 168 2925 adiciam
190 2859 368 2942 faciamque
392 2860 496 2924 omnis
519 2882 583 2924 uno
609 2883 663 2924 018
688 2859 830 2926 Latinos.

35 2958 107 3020 hinc
130 2975 231 3040 genus
253 2956 400 3021 Ausonio
423 2957 561 3020 mixtum
585 2958 671 3040 quod
694 2959 849 3042 sanguine
873 2964 992 3046 surget,

36 3075 130 3137 supra
151 3052 308 3138 homines,
331 3074 428 3137 supra
450 3054 497 3116 ire
520 3055 595 3117 deos
619 3055 739 3137 pietate
762 3056 895 3143 videbis,

34 3173 90 3215 nec
112 3171 191 3235 gens
214 3149 282 3212 ulla
304 3153 379 3214 tuos
403 3171 503 3234 aeque
526 3151 701 3216 celebrabit
723 3152 881 3217 honores?
991 3172 1042 3220 840

35 3248 143 3312 adnuit
165 3246 217 3310 his
240 3245 323 3310 Iuno
347 3251 379 3311 et
402 3251 541 3311 mentem
564 3248 684 3312 1888888
707 3249 846 3314 retorsit.

34 3347 154 3410 interca
176 3344 300 3408 excedit
323 3345 410 3408 caelo
432 3344 614 3428 nubemque
637 3346 799 3428 relinquit.

76 3441 136 3507 His
159 3441 239 3505 actis
264 3440 351 3504 aliud
373 3442 501 3526 genitor
525 3463 632 3505 secum
654 3443 723 3526 ipse
747 3443 873 3508 volutat

33 3541 260 3621 Iuturnamque
283 3541 376 3621 parat
399 3539 509 3602 fratris
533 3539 695 3602 dimittere
719 3540 759 3603 ab
784 3543 888 3604 armis.
