<?xml version="1.0" encoding="UTF-8"?>
<!DOCTYPE html PUBLIC "-//W3C//DTD XHTML 1.0 Transitional//EN"
    "http://www.w3.org/TR/xhtml1/DTD/xhtml1-transitional.dtd">
<html xmlns="http://www.w3.org/1999/xhtml" xml:lang="en" lang="en">
 <head>
  <title>
</title>
<meta http-equiv="Content-Type" content="text/html;charset=utf-8" />
  <meta name='ocr-system' content='tesseract 3.04.00' />
  <meta name='ocr-capabilities' content='ocr_page ocr_carea ocr_par ocr_line ocrx_word'/>
</head>
<body>
  <div class='ocr_page' id='page_1' title='image "./pvergilimaronis11virggoog/pvergilimaronis11virggoog_0177.png"; bbox 0 0 2612 3964; ppageno 0'>
   <div class='ocr_carea' id='block_1_1' title="bbox 186 237 857 301">
    <p class='ocr_par' dir='ltr' id='par_1_1' title="bbox 186 237 857 301">
     <span class='ocr_line' id='line_1_1' title="bbox 186 237 857 301; baseline -0.016 0"><span class='ocrx_word' id='word_1_1' title='bbox 186 239 249 301; x_wconf 77' lang='grc'>124</span> <span class='ocrx_word' id='word_1_2' title='bbox 516 237 664 293; x_wconf 81' lang='lat' dir='ltr'><strong>VERGILI</strong></span> <span class='ocrx_word' id='word_1_3' title='bbox 681 237 812 292; x_wconf 81' lang='lat' dir='ltr'>AENEIS</span> <span class='ocrx_word' id='word_1_4' title='bbox 831 237 857 291; x_wconf 93' lang='lat' dir='ltr'>ll</span> 
     </span>
    </p>
   </div>
   <div class='ocr_carea' id='block_1_2' title="bbox 116 399 1295 3588">
    <p class='ocr_par' dir='ltr' id='par_1_2' title="bbox 116 399 1295 2245">
     <span class='ocr_line' id='line_1_2' title="bbox 227 399 1018 485; baseline -0.003 -21"><span class='ocrx_word' id='word_1_5' title='bbox 227 400 290 464; x_wconf 79' lang='lat' dir='ltr'>Est</span> <span class='ocrx_word' id='word_1_6' title='bbox 312 401 348 464; x_wconf 92' lang='lat' dir='ltr'>in</span> <span class='ocrx_word' id='word_1_7' title='bbox 370 405 542 484; x_wconf 89' lang='lat' dir='ltr'>conspectu</span> <span class='ocrx_word' id='word_1_8' title='bbox 561 399 911 485; x_wconf 77' lang='lat' dir='ltr'>Tenedos‚‘notissima</span> <span class='ocrx_word' id='word_1_9' title='bbox 934 399 1018 462; x_wconf 86' lang='lat' dir='ltr'>fama</span> 
     </span>
     <span class='ocr_line' id='line_1_3' title="bbox 184 495 1122 583; baseline -0.002 -23"><span class='ocrx_word' id='word_1_10' title='bbox 184 498 303 583; x_wconf 82' lang='lat' dir='ltr'>insula,</span> <span class='ocrx_word' id='word_1_11' title='bbox 325 498 413 561; x_wconf 90' lang='lat' dir='ltr'>dives</span> <span class='ocrx_word' id='word_1_12' title='bbox 437 519 547 582; x_wconf 86' lang='lat' dir='ltr'>opum,</span> <span class='ocrx_word' id='word_1_13' title='bbox 569 495 690 561; x_wconf 84' lang='lat' dir='ltr'>Priami</span> <span class='ocrx_word' id='word_1_14' title='bbox 713 497 789 560; x_wconf 93' lang='lat' dir='ltr'>dum</span> <span class='ocrx_word' id='word_1_15' title='bbox 811 517 910 581; x_wconf 88' lang='lat' dir='ltr'>regna</span> <span class='ocrx_word' id='word_1_16' title='bbox 932 497 1122 580; x_wconf 82' lang='lat' dir='ltr'>manebant,</span> 
     </span>
     <span class='ocr_line' id='line_1_4' title="bbox 183 593 1052 672; baseline 0.001 -16"><span class='ocrx_word' id='word_1_17' title='bbox 183 615 268 658; x_wconf 89' lang='lat' dir='ltr'>nunc</span> <span class='ocrx_word' id='word_1_18' title='bbox 290 598 418 658; x_wconf 89' lang='lat' dir='ltr'>tantum</span> <span class='ocrx_word' id='word_1_19' title='bbox 441 594 531 658; x_wconf 90' lang='lat' dir='ltr'>sinus</span> <span class='ocrx_word' id='word_1_20' title='bbox 554 597 587 656; x_wconf 89' lang='lat' dir='ltr'>et</span> <span class='ocrx_word' id='word_1_21' title='bbox 610 595 709 672; x_wconf 87' lang='lat' dir='ltr'>statio</span> <span class='ocrx_word' id='word_1_22' title='bbox 731 594 814 658; x_wconf 90' lang='lat' dir='ltr'>male</span> <span class='ocrx_word' id='word_1_23' title='bbox 836 593 900 658; x_wconf 88' lang='lat' dir='ltr'>fida</span> <span class='ocrx_word' id='word_1_24' title='bbox 923 595 1052 658; x_wconf 89' lang='lat' dir='ltr'>carinis:</span> 
     </span>
     <span class='ocr_line' id='line_1_5' title="bbox 183 691 965 775; baseline 0.003 -22"><span class='ocrx_word' id='word_1_25' title='bbox 183 691 246 754; x_wconf 91' lang='lat' dir='ltr'>huc</span> <span class='ocrx_word' id='word_1_26' title='bbox 270 713 303 755; x_wconf 92' lang='lat' dir='ltr'>se</span> <span class='ocrx_word' id='word_1_27' title='bbox 325 691 470 775; x_wconf 85' lang='lat' dir='ltr'>provecti</span> <span class='ocrx_word' id='word_1_28' title='bbox 492 691 618 754; x_wconf 90' lang='lat' dir='ltr'>deserto</span> <span class='ocrx_word' id='word_1_29' title='bbox 641 691 794 754; x_wconf 81' lang='lat' dir='ltr'>inlitora</span> <span class='ocrx_word' id='word_1_30' title='bbox 817 692 965 755; x_wconf 85' lang='lat' dir='ltr'>condunt.</span> 
     </span>
     <span class='ocr_line' id='line_1_6' title="bbox 183 786 1200 870; baseline -0.001 -19"><span class='ocrx_word' id='word_1_31' title='bbox 183 809 243 851; x_wconf 90' lang='lat' dir='ltr'>nos</span> <span class='ocrx_word' id='word_1_32' title='bbox 267 788 384 853; x_wconf 89' lang='lat' dir='ltr'>abiisse</span> <span class='ocrx_word' id='word_1_33' title='bbox 406 787 469 852; x_wconf 89' lang='lat' dir='ltr'>rati</span> <span class='ocrx_word' id='word_1_34' title='bbox 493 791 525 851; x_wconf 87' lang='lat' dir='ltr'>et</span> <span class='ocrx_word' id='word_1_35' title='bbox 547 792 643 852; x_wconf 85' lang='lat' dir='ltr'>vento</span> <span class='ocrx_word' id='word_1_36' title='bbox 666 787 798 870; x_wconf 86' lang='lat' dir='ltr'>petiisse</span> <span class='ocrx_word' id='word_1_37' title='bbox 820 786 983 870; x_wconf 83' lang='lat' dir='ltr'>Mycenas:</span> <span class='ocrx_word' id='word_1_38' title='bbox 1163 803 1200 850; x_wconf 77' lang='lat'>25</span> 
     </span>
     <span class='ocr_line' id='line_1_7' title="bbox 116 884 965 981; baseline 0.001 -34"><span class='ocrx_word' id='word_1_39' title='bbox 116 922 121 931; x_wconf 53' lang='grc' dir='ltr'><strong><em>ι</em></strong></span> <span class='ocrx_word' id='word_1_40' title='bbox 146 905 152 981; x_wconf 43' lang='grc'>1·</span> <span class='ocrx_word' id='word_1_41' title='bbox 184 906 261 969; x_wconf 89' lang='lat' dir='ltr'>ergo</span> <span class='ocrx_word' id='word_1_42' title='bbox 285 887 389 950; x_wconf 88' lang='lat' dir='ltr'>omnis</span> <span class='ocrx_word' id='word_1_43' title='bbox 411 886 509 970; x_wconf 84' lang='lat' dir='ltr'>longo</span> <span class='ocrx_word' id='word_1_44' title='bbox 534 885 632 949; x_wconf 85' lang='lat' dir='ltr'>solvit</span> <span class='ocrx_word' id='word_1_45' title='bbox 656 907 689 948; x_wconf 89' lang='lat' dir='ltr'>se</span> <span class='ocrx_word' id='word_1_46' title='bbox 712 884 846 948; x_wconf 81' lang='lat' dir='ltr'>Teucria</span> <span class='ocrx_word' id='word_1_47' title='bbox 867 885 965 948; x_wconf 82' lang='lat' dir='ltr'>luctu</span> 
     </span>
     <span class='ocr_line' id='line_1_8' title="bbox 184 979 1024 1071; baseline 0 -26"><span class='ocrx_word' id='word_1_48' title='bbox 184 982 369 1064; x_wconf 86' lang='lat' dir='ltr'>panduntur</span> <span class='ocrx_word' id='word_1_49' title='bbox 391 987 518 1066; x_wconf 78' lang='lat' dir='ltr'>portae5</span> <span class='ocrx_word' id='word_1_50' title='bbox 541 983 631 1045; x_wconf 87' lang='lat' dir='ltr'>iuvat</span> <span class='ocrx_word' id='word_1_51' title='bbox 653 982 701 1045; x_wconf 89' lang='lat' dir='ltr'>ire</span> <span class='ocrx_word' id='word_1_52' title='bbox 723 984 756 1045; x_wconf 89' lang='lat' dir='ltr'>et</span> <span class='ocrx_word' id='word_1_53' title='bbox 778 979 896 1071; x_wconf 89' lang='lat' dir='ltr'>Dorica</span> <span class='ocrx_word' id='word_1_54' title='bbox 919 986 1024 1046; x_wconf 87' lang='lat' dir='ltr'>castra</span> 
     </span>
     <span class='ocr_line' id='line_1_9' title="bbox 184 1079 972 1164; baseline 0.003 -23"><span class='ocrx_word' id='word_1_55' title='bbox 184 1079 390 1164; x_wconf 82' lang='lat' dir='ltr'>desertosque</span> <span class='ocrx_word' id='word_1_56' title='bbox 412 1079 518 1143; x_wconf 84' lang='lat' dir='ltr'>videre</span> <span class='ocrx_word' id='word_1_57' title='bbox 540 1079 629 1143; x_wconf 92' lang='lat' dir='ltr'>locos</span> <span class='ocrx_word' id='word_1_58' title='bbox 651 1079 794 1162; x_wconf 88' lang='lat' dir='ltr'>litusque</span> <span class='ocrx_word' id='word_1_59' title='bbox 817 1079 972 1143; x_wconf 87' lang='lat' dir='ltr'>relictum.</span> 
     </span>
     <span class='ocr_line' id='line_1_10' title="bbox 184 1175 1137 1263; baseline 0.001 -24"><span class='ocrx_word' id='word_1_60' title='bbox 184 1177 237 1240; x_wconf 90' lang='lat' dir='ltr'>hic</span> <span class='ocrx_word' id='word_1_61' title='bbox 254 1177 418 1262; x_wconf 90' lang='lat' dir='ltr'><strong>Dolopum</strong></span> <span class='ocrx_word' id='word_1_62' title='bbox 440 1199 569 1263; x_wconf 79' lang='lat' dir='ltr'>manue,</span> <span class='ocrx_word' id='word_1_63' title='bbox 591 1175 644 1240; x_wconf 88' lang='lat' dir='ltr'>hic</span> <span class='ocrx_word' id='word_1_64' title='bbox 667 1197 779 1240; x_wconf 89' lang='lat' dir='ltr'>saevos</span> <span class='ocrx_word' id='word_1_65' title='bbox 801 1177 953 1240; x_wconf 90' lang='lat' dir='ltr'>tendebat</span> <span class='ocrx_word' id='word_1_66' title='bbox 976 1176 1137 1263; x_wconf 83' lang='lat' dir='ltr'>Achilles,</span> 
     </span>
     <span class='ocr_line' id='line_1_11' title="bbox 185 1271 1201 1357; baseline 0.002 -21"><span class='ocrx_word' id='word_1_67' title='bbox 185 1273 341 1336; x_wconf 91' lang='lat' dir='ltr'>classibus</span> <span class='ocrx_word' id='word_1_68' title='bbox 363 1271 417 1336; x_wconf 88' lang='lat' dir='ltr'>hic</span> <span class='ocrx_word' id='word_1_69' title='bbox 439 1272 542 1357; x_wconf 79' lang='lat' dir='ltr'>locus,</span> <span class='ocrx_word' id='word_1_70' title='bbox 564 1271 617 1334; x_wconf 90' lang='lat' dir='ltr'>hic</span> <span class='ocrx_word' id='word_1_71' title='bbox 640 1272 706 1335; x_wconf 89' lang='lat' dir='ltr'>acie</span> <span class='ocrx_word' id='word_1_72' title='bbox 728 1277 848 1336; x_wconf 88' lang='lat' dir='ltr'>certare</span> <span class='ocrx_word' id='word_1_73' title='bbox 872 1273 1027 1337; x_wconf 90' lang='lat' dir='ltr'>solebant.</span> <span class='ocrx_word' id='word_1_74' title='bbox 1164 1293 1201 1340; x_wconf 80' lang='lat'>³0</span> 
     </span>
     <span class='ocr_line' id='line_1_12' title="bbox 185 1369 1047 1454; baseline 0.005 -22"><span class='ocrx_word' id='word_1_75' title='bbox 185 1392 259 1452; x_wconf 91' lang='lat' dir='ltr'>pars</span> <span class='ocrx_word' id='word_1_76' title='bbox 284 1373 393 1454; x_wconf 87' lang='lat' dir='ltr'>stupet</span> <span class='ocrx_word' id='word_1_77' title='bbox 415 1370 569 1452; x_wconf 78' lang='lat' dir='ltr'>innuptae</span> <span class='ocrx_word' id='word_1_78' title='bbox 592 1369 711 1432; x_wconf 89' lang='lat' dir='ltr'>donum</span> <span class='ocrx_word' id='word_1_79' title='bbox 734 1370 862 1434; x_wconf 72' lang='lat' dir='ltr'>exitiale</span> <span class='ocrx_word' id='word_1_80' title='bbox 885 1370 1047 1436; x_wconf 85' lang='lat' dir='ltr'>Minervae</span> 
     </span>
     <span class='ocr_line' id='line_1_13' title="bbox 186 1466 1076 1551; baseline 0.002 -21"><span class='ocrx_word' id='word_1_81' title='bbox 186 1471 217 1530; x_wconf 86' lang='lat' dir='ltr'>et</span> <span class='ocrx_word' id='word_1_82' title='bbox 240 1467 358 1530; x_wconf 88' lang='lat' dir='ltr'>molem</span> <span class='ocrx_word' id='word_1_83' title='bbox 380 1467 540 1530; x_wconf 88' lang='lat' dir='ltr'>mirantur</span> <span class='ocrx_word' id='word_1_84' title='bbox 563 1467 650 1550; x_wconf 79' lang='lat' dir='ltr'>cqui3</span> <span class='ocrx_word' id='word_1_85' title='bbox 673 1466 859 1551; x_wconf 92' lang='lat' dir='ltr'>primusque</span> <span class='ocrx_word' id='word_1_86' title='bbox 882 1467 1076 1551; x_wconf 80' lang='lat' dir='ltr'>Thymoetes</span> 
     </span>
     <span class='ocr_line' id='line_1_14' title="bbox 186 1563 956 1650; baseline 0.003 -24"><span class='ocrx_word' id='word_1_87' title='bbox 186 1565 257 1628; x_wconf 91' lang='lat' dir='ltr'>duci</span> <span class='ocrx_word' id='word_1_88' title='bbox 280 1565 366 1628; x_wconf 90' lang='lat' dir='ltr'>intra</span> <span class='ocrx_word' id='word_1_89' title='bbox 388 1586 497 1627; x_wconf 90' lang='lat' dir='ltr'>muros</span> <span class='ocrx_word' id='word_1_90' title='bbox 521 1563 671 1627; x_wconf 89' lang='lat' dir='ltr'>hortatur</span> <span class='ocrx_word' id='word_1_91' title='bbox 694 1566 726 1627; x_wconf 88' lang='lat' dir='ltr'>et</span> <span class='ocrx_word' id='word_1_92' title='bbox 750 1586 820 1628; x_wconf 91' lang='lat' dir='ltr'>arce</span> <span class='ocrx_word' id='word_1_93' title='bbox 842 1565 956 1650; x_wconf 83' lang='lat' dir='ltr'>locari,</span> 
     </span>
     <span class='ocr_line' id='line_1_15' title="bbox 188 1653 989 1750; baseline 0.004 -28"><span class='ocrx_word' id='word_1_94' title='bbox 188 1661 254 1723; x_wconf 86' lang='lat' dir='ltr'>sive</span> <span class='ocrx_word' id='word_1_95' title='bbox 277 1659 350 1724; x_wconf 93' lang='lat' dir='ltr'>dolo</span> <span class='ocrx_word' id='word_1_96' title='bbox 375 1653 432 1724; x_wconf 68' lang='lat' dir='ltr'>stu</span> <span class='ocrx_word' id='word_1_97' title='bbox 453 1653 519 1750; x_wconf 81' lang='lat' dir='ltr'>ialn</span> <span class='ocrx_word' id='word_1_98' title='bbox 540 1659 656 1724; x_wconf 80' lang='lat' dir='ltr'>Troiae</span> <span class='ocrx_word' id='word_1_99' title='bbox 679 1661 725 1724; x_wconf 92' lang='lat' dir='ltr'>sic</span> <span class='ocrx_word' id='word_1_100' title='bbox 746 1661 814 1724; x_wconf 83' lang='lat' dir='ltr'>fata</span> <span class='ocrx_word' id='word_1_101' title='bbox 836 1662 989 1726; x_wconf 87' lang='lat' dir='ltr'>ferebant.</span> 
     </span>
     <span class='ocr_line' id='line_1_16' title="bbox 186 1755 1295 1841; baseline 0.005 -21"><span class='ocrx_word' id='word_1_102' title='bbox 186 1761 219 1820; x_wconf 86' lang='lat' dir='ltr'>at</span> <span class='ocrx_word' id='word_1_103' title='bbox 243 1755 348 1840; x_wconf 83' lang='lat' dir='ltr'>Capys</span> <span class='ocrx_word' id='word_1_104' title='bbox 371 1761 404 1820; x_wconf 84' lang='lat' dir='ltr'>et</span> <span class='ocrx_word' id='word_1_105' title='bbox 427 1778 564 1841; x_wconf 84' lang='lat' dir='ltr'>quormn</span> <span class='ocrx_word' id='word_1_106' title='bbox 586 1757 700 1820; x_wconf 88' lang='lat' dir='ltr'>melior</span> <span class='ocrx_word' id='word_1_107' title='bbox 723 1759 882 1822; x_wconf 87' lang='lat' dir='ltr'>sententia</span> <span class='ocrx_word' id='word_1_108' title='bbox 904 1759 1005 1822; x_wconf 90' lang='lat' dir='ltr'>menti</span> <span class='ocrx_word' id='word_1_109' title='bbox 1164 1779 1202 1826; x_wconf 77' lang='lat'>35</span> <span class='ocrx_word' id='word_1_110' title='bbox 1294 1823 1295 1830; x_wconf 71' lang='grc'>,</span> 
     </span>
     <span class='ocr_line' id='line_1_17' title="bbox 186 1853 1044 1939; baseline 0.002 -22"><span class='ocrx_word' id='word_1_111' title='bbox 186 1858 242 1917; x_wconf 87' lang='lat' dir='ltr'>aut</span> <span class='ocrx_word' id='word_1_112' title='bbox 264 1855 377 1939; x_wconf 82' lang='lat' dir='ltr'>pelago</span> <span class='ocrx_word' id='word_1_113' title='bbox 401 1853 548 1918; x_wconf 90' lang='lat' dir='ltr'>Danaum</span> <span class='ocrx_word' id='word_1_114' title='bbox 571 1854 704 1920; x_wconf 89' lang='lat' dir='ltr'>insidias</span> <span class='ocrx_word' id='word_1_115' title='bbox 728 1859 938 1939; x_wconf 82' lang='lat' dir='ltr'>suspectaque</span> <span class='ocrx_word' id='word_1_116' title='bbox 960 1855 1044 1920; x_wconf 92' lang='lat' dir='ltr'>dona</span> 
     </span>
     <span class='ocr_line' id='line_1_18' title="bbox 185 1945 1062 2038; baseline 0.002 -25"><span class='ocrx_word' id='word_1_117' title='bbox 185 1951 397 2034; x_wconf 85' lang='lat' dir='ltr'>praecipitare</span> <span class='ocrx_word' id='word_1_118' title='bbox 419 1951 531 2014; x_wconf 88' lang='lat' dir='ltr'>iubent</span> <span class='ocrx_word' id='word_1_119' title='bbox 555 1945 772 2035; x_wconf 82' lang='lat' dir='ltr'>sdbiectisque</span> <span class='ocrx_word' id='word_1_120' title='bbox 795 1973 886 2015; x_wconf 92' lang='lat' dir='ltr'>urere</span> <span class='ocrx_word' id='word_1_121' title='bbox 909 1951 1062 2038; x_wconf 77' lang='lat' dir='ltr'>flammis,</span> 
     </span>
     <span class='ocr_line' id='line_1_19' title="bbox 187 2048 1294 2131; baseline 0.003 -21"><span class='ocrx_word' id='word_1_122' title='bbox 187 2052 243 2110; x_wconf 90' lang='lat' dir='ltr'>aut</span> <span class='ocrx_word' id='word_1_123' title='bbox 265 2048 426 2112; x_wconf 85' lang='lat' dir='ltr'>terebrare</span> <span class='ocrx_word' id='word_1_124' title='bbox 448 2070 541 2112; x_wconf 88' lang='lat' dir='ltr'>cavas</span> <span class='ocrx_word' id='word_1_125' title='bbox 565 2049 650 2112; x_wconf 85' lang='lat' dir='ltr'>uteri</span> <span class='ocrx_word' id='word_1_126' title='bbox 672 2053 704 2112; x_wconf 91' lang='lat' dir='ltr'>et</span> <span class='ocrx_word' id='word_1_127' title='bbox 727 2052 885 2131; x_wconf 86' lang='lat' dir='ltr'>temptare</span> <span class='ocrx_word' id='word_1_128' title='bbox 907 2049 1056 2114; x_wconf 88' lang='lat' dir='ltr'>latebras.</span> <span class='ocrx_word' id='word_1_129' title='bbox 1293 2119 1294 2130; x_wconf 11' lang='grc' dir='ltr'>χ</span> 
     </span>
     <span class='ocr_line' id='line_1_20' title="bbox 187 2145 1037 2231; baseline 0.002 -23"><span class='ocrx_word' id='word_1_130' title='bbox 187 2146 342 2209; x_wconf 87' lang='lat' dir='ltr'>scinditur</span> <span class='ocrx_word' id='word_1_131' title='bbox 363 2145 521 2209; x_wconf 87' lang='lat' dir='ltr'>incertum</span> <span class='ocrx_word' id='word_1_132' title='bbox 545 2145 652 2209; x_wconf 90' lang='lat' dir='ltr'>studia</span> <span class='ocrx_word' id='word_1_133' title='bbox 674 2146 709 2208; x_wconf 91' lang='lat' dir='ltr'>in</span> <span class='ocrx_word' id='word_1_134' title='bbox 731 2145 891 2209; x_wconf 89' lang='lat' dir='ltr'>contraria</span> <span class='ocrx_word' id='word_1_135' title='bbox 913 2147 1037 2231; x_wconf 87' lang='lat' dir='ltr'>volgus.</span> 
     </span>
    </p>

    <p class='ocr_par' dir='ltr' id='par_1_3' title="bbox 183 2241 1293 3712">
     <span class='ocr_line' id='line_1_21' title="bbox 228 2241 1204 2332; baseline 0.006 -27"><span class='ocrx_word' id='word_1_136' title='bbox 228 2241 356 2306; x_wconf 85' lang='lat' dir='ltr'>Primus</span> <span class='ocrx_word' id='word_1_137' title='bbox 374 2243 422 2306; x_wconf 89' lang='lat' dir='ltr'>ibi</span> <span class='ocrx_word' id='word_1_138' title='bbox 441 2246 515 2306; x_wconf 89' lang='lat' dir='ltr'>ante</span> <span class='ocrx_word' id='word_1_139' title='bbox 534 2244 647 2327; x_wconf 82' lang='lat' dir='ltr'>omnis,</span> <span class='ocrx_word' id='word_1_140' title='bbox 666 2263 783 2327; x_wconf 87' lang='lat' dir='ltr'>magna</span> <span class='ocrx_word' id='word_1_141' title='bbox 801 2243 974 2306; x_wconf 84' lang='lat' dir='ltr'>comitante</span> <span class='ocrx_word' id='word_1_142' title='bbox 993 2248 1132 2332; x_wconf 82' lang='lat' dir='ltr'>caterva,</span> <span class='ocrx_word' id='word_1_143' title='bbox 1165 2266 1204 2312; x_wconf 80' lang='grc' dir='ltr'>4ο</span> 
     </span>
     <span class='ocr_line' id='line_1_22' title="bbox 185 2339 941 2404; baseline 0.001 -2"><span class='ocrx_word' id='word_1_144' title='bbox 185 2339 336 2404; x_wconf 87' lang='lat' dir='ltr'>Laocoon</span> <span class='ocrx_word' id='word_1_145' title='bbox 358 2339 472 2403; x_wconf 89' lang='lat' dir='ltr'>ardens</span> <span class='ocrx_word' id='word_1_146' title='bbox 497 2361 621 2402; x_wconf 90' lang='lat' dir='ltr'>summa</span> <span class='ocrx_word' id='word_1_147' title='bbox 643 2339 783 2403; x_wconf 84' lang='lat' dir='ltr'>decurrit</span> <span class='ocrx_word' id='word_1_148' title='bbox 807 2339 847 2403; x_wconf 92' lang='lat' dir='ltr'>ab</span> <span class='ocrx_word' id='word_1_149' title='bbox 871 2361 941 2404; x_wconf 89' lang='lat' dir='ltr'>arce</span> 
     </span>
     <span class='ocr_line' id='line_1_23' title="bbox 186 2436 1064 2522; baseline 0.002 -22"><span class='ocrx_word' id='word_1_150' title='bbox 186 2441 217 2500; x_wconf 89' lang='lat' dir='ltr'>et</span> <span class='ocrx_word' id='word_1_151' title='bbox 240 2437 353 2520; x_wconf 91' lang='lat' dir='ltr'>procul</span> <span class='ocrx_word' id='word_1_152' title='bbox 376 2436 407 2500; x_wconf 73' lang='lat' dir='ltr'>‘o</span> <span class='ocrx_word' id='word_1_153' title='bbox 430 2436 553 2521; x_wconf 82' lang='lat' dir='ltr'>miseri,</span> <span class='ocrx_word' id='word_1_154' title='bbox 577 2458 658 2520; x_wconf 88' lang='lat' dir='ltr'>quae</span> <span class='ocrx_word' id='word_1_155' title='bbox 680 2441 772 2500; x_wconf 90' lang='lat' dir='ltr'>tanta</span> <span class='ocrx_word' id='word_1_156' title='bbox 794 2437 933 2522; x_wconf 79' lang='lat' dir='ltr'>insania,</span> <span class='ocrx_word' id='word_1_157' title='bbox 956 2438 1064 2502; x_wconf 80' lang='lat' dir='ltr'>cives?</span> 
     </span>
     <span class='ocr_line' id='line_1_24' title="bbox 186 2533 910 2616; baseline -0.001 -19"><span class='ocrx_word' id='word_1_158' title='bbox 186 2534 314 2598; x_wconf 88' lang='lat' dir='ltr'>creditis</span> <span class='ocrx_word' id='word_1_159' title='bbox 338 2537 465 2598; x_wconf 87' lang='lat' dir='ltr'>avectos</span> <span class='ocrx_word' id='word_1_160' title='bbox 488 2533 594 2596; x_wconf 88' lang='lat' dir='ltr'>hostis</span> <span class='ocrx_word' id='word_1_161' title='bbox 618 2537 674 2597; x_wconf 90' lang='lat' dir='ltr'>aut</span> <span class='ocrx_word' id='word_1_162' title='bbox 698 2534 764 2597; x_wconf 90' lang='lat' dir='ltr'>ulla</span> <span class='ocrx_word' id='word_1_163' title='bbox 786 2534 910 2616; x_wconf 89' lang='lat' dir='ltr'>putatis</span> 
     </span>
     <span class='ocr_line' id='line_1_25' title="bbox 185 2629 1040 2720; baseline 0.002 -27"><span class='ocrx_word' id='word_1_164' title='bbox 185 2632 268 2695; x_wconf 89' lang='lat' dir='ltr'>dona</span> <span class='ocrx_word' id='word_1_165' title='bbox 291 2651 397 2694; x_wconf 89' lang='lat' dir='ltr'>carere</span> <span class='ocrx_word' id='word_1_166' title='bbox 420 2631 502 2694; x_wconf 90' lang='lat' dir='ltr'>dolis</span> <span class='ocrx_word' id='word_1_167' title='bbox 525 2629 694 2694; x_wconf 81' lang='lat' dir='ltr'>Danaum?</span> <span class='ocrx_word' id='word_1_168' title='bbox 719 2631 764 2694; x_wconf 91' lang='lat' dir='ltr'>sic</span> <span class='ocrx_word' id='word_1_169' title='bbox 785 2635 883 2694; x_wconf 88' lang='lat' dir='ltr'>notus</span> <span class='ocrx_word' id='word_1_170' title='bbox 906 2630 1040 2720; x_wconf 80' lang='lat' dir='ltr'>Ulixes?</span> 
     </span>
     <span class='ocr_line' id='line_1_26' title="bbox 185 2727 973 2814; baseline -0.001 -22"><span class='ocrx_word' id='word_1_171' title='bbox 185 2729 261 2792; x_wconf 80' lang='lat' dir='ltr'>*aut</span> <span class='ocrx_word' id='word_1_172' title='bbox 283 2728 344 2792; x_wconf 87' lang='lat' dir='ltr'>hoo</span> <span class='ocrx_word' id='word_1_173' title='bbox 366 2727 482 2791; x_wconf 91' lang='lat' dir='ltr'>inclusi</span> <span class='ocrx_word' id='word_1_174' title='bbox 505 2727 594 2811; x_wconf 91' lang='lat' dir='ltr'>ligno</span> <span class='ocrx_word' id='word_1_175' title='bbox 619 2728 820 2792; x_wconf 88' lang='lat' dir='ltr'>occultantur</span> <span class='ocrx_word' id='word_1_176' title='bbox 843 2728 973 2814; x_wconf 84' lang='lat' dir='ltr'>Achivi,</span> 
     </span>
     <span class='ocr_line' id='line_1_27' title="bbox 185 2824 1145 2892; baseline 0.004 -5"><span class='ocrx_word' id='word_1_177' title='bbox 185 2825 279 2888; x_wconf 63' lang='lat' dir='ltr'>*l‘aut</span> <span class='ocrx_word' id='word_1_178' title='bbox 301 2825 380 2888; x_wconf 86' lang='lat' dir='ltr'>haec</span> <span class='ocrx_word' id='word_1_179' title='bbox 402 2825 437 2887; x_wconf 93' lang='lat' dir='ltr'>in</span> <span class='ocrx_word' id='word_1_180' title='bbox 458 2829 588 2888; x_wconf 90' lang='lat' dir='ltr'>nostros</span> <span class='ocrx_word' id='word_1_181' title='bbox 611 2824 767 2888; x_wconf 82' lang='lat' dir='ltr'>fabricata</span> <span class='ocrx_word' id='word_1_182' title='bbox 790 2828 840 2888; x_wconf 90' lang='lat' dir='ltr'>est</span> <span class='ocrx_word' id='word_1_183' title='bbox 862 2825 1008 2888; x_wconf 88' lang='lat' dir='ltr'>machina</span> <span class='ocrx_word' id='word_1_184' title='bbox 1030 2849 1145 2892; x_wconf 90' lang='lat' dir='ltr'>muros</span> 
     </span>
     <span class='ocr_line' id='line_1_28' title="bbox 186 2922 1030 3009; baseline 0.002 -25"><span class='ocrx_word' id='word_1_185' title='bbox 186 2922 541 3004; x_wconf 51' lang='lat' dir='ltr'>*inspectura&#39;domcs</span> <span class='ocrx_word' id='word_1_186' title='bbox 564 2926 763 3005; x_wconf 85' lang='lat' dir='ltr'>venturaque</span> <span class='ocrx_word' id='word_1_187' title='bbox 786 2922 920 3006; x_wconf 89' lang='lat' dir='ltr'>desuper</span> <span class='ocrx_word' id='word_1_188' title='bbox 943 2923 1030 3009; x_wconf 85' lang='lat' dir='ltr'>urbi,</span> 
     </span>
     <span class='ocr_line' id='line_1_29' title="bbox 185 3018 1078 3104; baseline 0.002 -22"><span class='ocrx_word' id='word_1_189' title='bbox 185 3023 241 3082; x_wconf 91' lang='lat' dir='ltr'>aut</span> <span class='ocrx_word' id='word_1_190' title='bbox 265 3019 381 3101; x_wconf 86' lang='lat' dir='ltr'>aliquis</span> <span class='ocrx_word' id='word_1_191' title='bbox 404 3018 484 3081; x_wconf 89' lang='lat' dir='ltr'>latet</span> <span class='ocrx_word' id='word_1_192' title='bbox 507 3039 609 3082; x_wconf 89' lang='lat' dir='ltr'>error:</span> <span class='ocrx_word' id='word_1_193' title='bbox 633 3040 715 3101; x_wconf 89' lang='lat' dir='ltr'>equo</span> <span class='ocrx_word' id='word_1_194' title='bbox 738 3041 779 3082; x_wconf 90' lang='lat' dir='ltr'>ne</span> <span class='ocrx_word' id='word_1_195' title='bbox 802 3019 932 3104; x_wconf 86' lang='lat' dir='ltr'>credite,</span> <span class='ocrx_word' id='word_1_196' title='bbox 955 3019 1078 3084; x_wconf 92' lang='lat' dir='ltr'>Teucri.</span> 
     </span>
     <span class='ocr_line' id='line_1_30' title="bbox 185 3114 1096 3200; baseline 0.001 -21"><span class='ocrx_word' id='word_1_197' title='bbox 185 3117 340 3199; x_wconf 91' lang='lat' dir='ltr'>quidquid</span> <span class='ocrx_word' id='word_1_198' title='bbox 362 3116 395 3200; x_wconf 77' lang='lat' dir='ltr'>id</span> <span class='ocrx_word' id='word_1_199' title='bbox 418 3119 481 3199; x_wconf 87' lang='lat' dir='ltr'>est,</span> <span class='ocrx_word' id='word_1_200' title='bbox 503 3115 601 3179; x_wconf 88' lang='lat' dir='ltr'>timeo</span> <span class='ocrx_word' id='word_1_201' title='bbox 626 3114 756 3180; x_wconf 91' lang='lat' dir='ltr'>Danaos</span> <span class='ocrx_word' id='word_1_202' title='bbox 780 3120 812 3179; x_wconf 89' lang='lat' dir='ltr'>et</span> <span class='ocrx_word' id='word_1_203' title='bbox 835 3115 918 3179; x_wconf 91' lang='lat' dir='ltr'>dona</span> <span class='ocrx_word' id='word_1_204' title='bbox 940 3116 1096 3182; x_wconf 63' lang='lat' dir='ltr'>ferentis?</span> 
     </span>
     <span class='ocr_line' id='line_1_31' title="bbox 185 3203 1290 3300; baseline 0.001 -24"><span class='ocrx_word' id='word_1_205' title='bbox 185 3203 339 3277; x_wconf 45' lang='lat' dir='ltr'>sic-&#39;fatus</span> <span class='ocrx_word' id='word_1_206' title='bbox 362 3211 476 3276; x_wconf 83' lang='lat' dir='ltr'>validis</span> <span class='ocrx_word' id='word_1_207' title='bbox 499 3213 664 3297; x_wconf 89' lang='lat' dir='ltr'>ingentem</span> <span class='ocrx_word' id='word_1_208' title='bbox 686 3213 810 3276; x_wconf 86' lang='lat' dir='ltr'>viribus</span> <span class='ocrx_word' id='word_1_209' title='bbox 833 3213 961 3277; x_wconf 86' lang='lat' dir='ltr'>hastam</span> <span class='ocrx_word' id='word_1_210' title='bbox 1289 3287 1290 3300; x_wconf 12' lang='grc' dir='ltr'>χ</span> 
     </span>
     <span class='ocr_line' id='line_1_32' title="bbox 183 3309 1043 3393; baseline 0.001 -19"><span class='ocrx_word' id='word_1_211' title='bbox 183 3312 218 3374; x_wconf 88' lang='lat' dir='ltr'>in</span> <span class='ocrx_word' id='word_1_212' title='bbox 240 3311 325 3373; x_wconf 88' lang='lat' dir='ltr'>latus</span> <span class='ocrx_word' id='word_1_213' title='bbox 348 3309 446 3393; x_wconf 88' lang='lat' dir='ltr'>inque</span> <span class='ocrx_word' id='word_1_214' title='bbox 468 3310 529 3374; x_wconf 87' lang='lat' dir='ltr'>feri</span> <span class='ocrx_word' id='word_1_215' title='bbox 553 3333 682 3374; x_wconf 88' lang='lat' dir='ltr'>curvam</span> <span class='ocrx_word' id='word_1_216' title='bbox 704 3310 913 3393; x_wconf 81' lang='lat' dir='ltr'>compagibus</span> <span class='ocrx_word' id='word_1_217' title='bbox 937 3310 1043 3374; x_wconf 83' lang='lat' dir='ltr'>alvom</span> 
     </span>
     <span class='ocr_line' id='line_1_33' title="bbox 184 3405 1073 3491; baseline 0.001 -20"><span class='ocrx_word' id='word_1_218' title='bbox 184 3407 349 3471; x_wconf 85' lang='lat' dir='ltr'>contorsit.</span> <span class='ocrx_word' id='word_1_219' title='bbox 396 3405 487 3470; x_wconf 84' lang='lat' dir='ltr'>stetit</span> <span class='ocrx_word' id='word_1_220' title='bbox 509 3407 566 3470; x_wconf 89' lang='lat' dir='ltr'>illa</span> <span class='ocrx_word' id='word_1_221' title='bbox 589 3411 743 3491; x_wconf 84' lang='lat' dir='ltr'>tremens,</span> <span class='ocrx_word' id='word_1_222' title='bbox 766 3411 922 3491; x_wconf 90' lang='lat' dir='ltr'>uteroque</span> <span class='ocrx_word' id='word_1_223' title='bbox 945 3429 1073 3472; x_wconf 88' lang='lat' dir='ltr'>recusso</span> 
     </span>
     <span class='ocr_line' id='line_1_34' title="bbox 183 3503 1241 3588; baseline 0.003 -21"><span class='ocrx_word' id='word_1_224' title='bbox 183 3505 353 3567; x_wconf 88' lang='lat' dir='ltr'>insonuere</span> <span class='ocrx_word' id='word_1_225' title='bbox 375 3524 470 3567; x_wconf 84' lang='lat' dir='ltr'>cavae</span> <span class='ocrx_word' id='word_1_226' title='bbox 493 3503 711 3587; x_wconf 83' lang='lat' dir='ltr'>gemitumque</span> <span class='ocrx_word' id='word_1_227' title='bbox 734 3505 845 3568; x_wconf 90' lang='lat' dir='ltr'>dedere</span> <span class='ocrx_word' id='word_1_228' title='bbox 868 3527 1028 3570; x_wconf 86' lang='lat' dir='ltr'>cavernae.</span> <span class='ocrx_word' id='word_1_229' title='bbox 1237 3581 1241 3588; x_wconf 21' lang='lat' dir='ltr'>v</span> 
     </span>
    </p>
   </div>
   <div class='ocr_carea' id='block_1_3' title="bbox 0 0 1310 3964">
    <p class='ocr_par' dir='ltr' id='par_1_4' title="bbox 0 0 1310 3964">
     <span class='ocr_line' id='line_1_35' title="bbox 0 0 1310 3964; baseline 0 0"><span class='ocrx_word' id='word_1_230' title='bbox 0 0 1310 3964; x_wconf 95' lang='lat' dir='ltr'> </span> 
     </span>
    </p>
   </div>
  </div>
 </body>
</html>
