2530 3960
189 236 255 299 418
638 237 763 293 CULEX.

189 396 290 480 impia
313 397 457 480 germani
479 402 588 461 manat
612 399 697 481 quod
721 399 875 483 sanguine
899 400 1021 464 dextra

191 494 271 558 eheu
294 497 364 556 mut
350 493 465 556 tandus
482 489 665 604 numquam
688 496 793 559 labor!
817 496 943 560 auferor
967 498 1055 562 ultra

190 591 226 654 in
249 590 382 674 diversa,
404 591 507 674 magis
530 592 652 655 distant
596 593 684 655 antia
707 593 838 656 nomina
861 613 969 658 cerno:

190 687 337 770 Elysiam
360 687 534 751 tranaudus
559 709 637 772 agor
661 689 785 754 delatus
805 689 845 752 ad
863 690 988 754 undam.
1152 709 1200 758 166

192 785 287 849 obvia
309 784 511 869 Persephone
535 788 666 850 comites
689 786 836 850 heroidas
860 792 977 870 urguet

191 882 340 946 adversas
363 883 522 966 praeferre
545 882 636 946 faces.
670 881 809 946 Alcestis
833 883 873 946 ab
897 885 985 947 omni

191 978 348 1042 inviolata
370 983 461 1042 vacat
485 1001 570 1065 cura,
594 979 680 1062 quod
703 1001 796 1043 saeva
818 981 928 1044 mariti

190 1074 226 1137 in
249 1073 475 1139 Chalcodoniis
499 1073 665 1139 Admetit
617 1081 725 1139 itura
747 1081 873 1141 morata
896 1082 954 1142 est

191 1193 270 1256 ecce,
293 1172 396 1237 Ithaci
419 1174 558 1237 coniunx
582 1195 706 1255 semper
729 1173 823 1236 decus
847 1173 1004 1259 Icariotis‚
1153 1195 1198 1241 acc

191 1225 364 1334 femineum
388 1275 539 1352 concepta
563 1271 667 1355 decus,
689 1275 796 1333 manet
820 1275 852 1334 61
874 1273 988 1354 procul
1010 1273 1069 1336 1116

191 1367 288 1430 turba
311 1366 401 1431 ferox
423 1367 574 1431 iuvenum
598 1367 671 1430 telis
696 1367 820 1430 confixa
843 1390 1022 1451 procorum.

192 1463 270 1545 quid
293 1465 408 1527 misere
432 1464 592 1547 Eurydice
615 1468 707 1527 tanto
731 1485 873 1529 maerore
891 1467 1045 1530 recessit?

191 1582 357 1643 poenaque
380 1565 543 1644 respectus
568 1565 600 1625 et
622 1582 707 1624 nunc
729 1565 837 1624 manet
860 1558 1007 1644 Orpheos
1030 1563 1065 1627 in
1089 1565 1143 1628 te?

192 1655 295 1720 audax
319 1656 374 1720 ille
398 1657 534 1742 quidem,
559 1657 614 1740 qui
637 1656 748 1718 mitem
772 1655 935 1722 Cerberon
956 1681 1113 1743 umquam
1153 1679 1198 1727 270

192 1753 325 1817 credidit
349 1759 405 1818 aut
428 1755 486 1818 ulli
509 1753 596 1818 Ditis
619 1752 775 1837 placabile
797 1777 924 1840 numen,

191 1871 250 1912 nec
272 1849 382 1912 timuit
405 1849 642 1934 Phlegethonta
664 1851 774 1914 furens
798 1853 984 1917 ardentibus
1009 1856 1118 1942 undis,

191 1967 250 2010 nec
272 1950 395 2010 maesta
420 1947 553 2010 obtenta
575 1945 662 2010 Ditis
686 1948 848 2032 ferrugine
870 1970 970 2034 regna

191 2043 398 2126 defossasque
422 2042 533 2106 domos
558 2063 593 2105 ac
617 2042 752 2108 Tartara
774 2050 867 2110 nocte
891 2052 1024 2112 cruenta

192 2139 299 2203 obsita
321 2161 380 2204 nec
402 2139 512 2203 faciles
535 2139 622 2204 Ditis
647 2142 716 2205 sine
738 2143 842 2207 iudice
866 2144 969 2230 sedes,
1153 2165 1196 2212 111

190 2236 303 2322 iudice,
327 2237 382 2320 qui
405 2237 491 2299 vitae
514 2239 588 2320 post
611 2242 748 2302 mortem
770 2241 910 2304 vindicat
933 2247 1018 2307 ecta:

192 2333 247 2396 sed
270 2331 414 2396 Fortuna
437 2333 546 2397 valens
571 2333 721 2399 audacem
743 2336 862 2400 fecerat
848 2340 967 2401 ttean

191 2431 256 2495 iam
278 2431 454 2515 rapidiste
438 2435 562 2495 61161611
586 2454 693 2495 amnes
717 2437 786 2496 ett
772 2433 868 2496 turbe
891 2434 1033 2500 ferarum

191 2527 308 2591 blanda
330 2548 407 2590 1666
431 2548 550 2609 sequax
573 2529 737 2612 regionem
759 2529 918 2594 insederat
904 2531 1078 2620 tOrphei3

191 2625 318 2707 iamque
340 2625 439 2687 imam
461 2624 556 2688 viridi
579 2626 717 2689 radicem
740 2631 885 2692 moverat
909 2629 973 2692 alte
1151 2647 1195 2697 166

192 2743 326 2806 quercus
349 2721 447 2784 humo
473 2773 604 2785 .....
629 2722 790 2806 silvaeque
814 2745 949 2788 sonorae

193 2821 307 2902 sponte
330 2839 388 2880 sua
411 2821 523 2880 cantus
547 2818 716 2901 rapiebant
739 2822 856 2886 cortice
880 2844 983 2887 61616.

191 2915 329 2978 labentis
352 2914 478 2999 biiuges
503 2915 599 2977 etiam
622 2935 678 2998 per
702 2916 805 2982 sidera
828 2917 937 2984 Lunae

192 3012 310 3095 pressit
333 3032 441 3097 equos,
464 3015 496 3074 et
519 3014 556 3074 tu
580 3014 747 3099 currentis,
768 3019 935 3080 menstrua
958 3018 1061 3104 virgo,

192 3108 340 3173 auditura
362 3109 466 3191 lyram
488 3108 623 3171 tenuisti
646 3107 750 3174 Nocte
773 3111 892 3175 relicta.
1153 3131 1195 3180 28⁵

191 3206 270 3270 haec
293 3206 401 3270 eadem
423 3205 532 3290 potuit
555 3204 642 3270 Ditis
666 3211 698 3270 te
721 3208 847 3270 vincere
870 3209 1009 3273 coniunx

192 3302 436 3386 Eurydicenque
458 3302 528 3366 1116
553 3301 727 3368 ducendam
750 3304 891 3369 reddere:
913 3328 981 3371 uon
1003 3308 1063 3393 fas,

190 3422 259 3464 non
283 3403 350 3464 6161
373 3399 408 3461 in
430 3399 530 3462 1116111
554 3399 640 3463 dirae
664 3401 825 3464 exorabile
848 3401 971 3466 Mortis.

190 3497 248 3562 1116
272 3495 410 3580 quidem,
432 3497 567 3559 nimium
590 3519 699 3561 menes
724 3502 854 3580 experta
878 3520 1014 3585 severos,
