2514 3966
387 258 536 314 VERGILI
554 259 686 314 AENEIS
705 261 729 314 Χ
992 261 1057 326 333

56 441 121 501 quo
140 419 224 484 licuit
247 421 370 505 parvo?
415 443 473 485 nec
496 421 592 505 longe
615 419 725 486 Cissea
748 423 863 486 durum

54 517 280 602 immanemque
305 515 408 603 Gyan,
431 519 605 582 sternentis
628 519 757 603 agmina
779 519 877 604 clava,

55 613 162 677 deiecit
182 613 276 678 Leto:
299 614 383 678 nihil
406 614 481 678 illos
503 613 652 678 Herculis
676 638 764 680 arma

54 732 113 774 nee
132 712 248 775 validae
270 711 380 775 iuvere
402 733 516 776 manus
539 711 729 796 genitorque
752 712 941 798 Melampus,
1004 729 1056 777 110

55 807 177 873 Alcidae
200 831 306 873 comes
329 830 432 891 usque
455 809 563 894 gravis
587 808 663 870 dum
686 811 772 872 terra
795 807 922 872 labores

54 905 202 987 praebuit.
249 927 319 970 ecce
341 904 458 990 Phara,
481 927 575 969 rocas
598 904 674 968 dum
696 905 794 968 iactat
817 904 940 991 inertis,

55 1003 235 1087 intorquens
258 1003 401 1066 iaculum
424 1002 576 1068 clamanti
600 1001 688 1066 sistit
710 1001 745 1065 in
769 1023 830 1066 ore.

54 1104 92 1162 tu
112 1121 243 1186 quoque,
266 1099 437 1164 flaventem
458 1100 564 1183 prima
586 1099 738 1184 lanugine
761 1099 861 1163 malas

55 1197 126 1260 dum
147 1198 289 1281 sequeris
313 1195 456 1280 Clytium
478 1196 600 1282 infelix,
622 1218 706 1260 nova
729 1196 855 1281 gaudia,
878 1193 1055 1280 Cydonas
1080 1209 1082 1218 '

54 1292 207 1358 Dardania
231 1298 354 1358 stratus
378 1294 499 1372 dextra,
523 1315 652 1358 securus
676 1315 830 1380 amorum,
1074 1280 1077 1293 ’

55 1391 108 1473 qui
128 1391 278 1455 iuvenum
301 1390 365 1454 tibi
388 1411 512 1474 semper
535 1394 635 1476 erant,
657 1390 836 1454 miserande
859 1391 992 1476 iaceres,
1063 1456 1065 1465 .

54 1487 87 1550 ni
107 1487 241 1551 fratrum
265 1488 385 1570 stipata
408 1486 523 1551 cohors
547 1487 631 1552 foret
655 1486 760 1573 obvia,
781 1487 898 1552 Phorci

54 1585 226 1670 progeniae,
249 1588 373 1667 septem
395 1605 542 1648 numero:
567 1587 761 1668 septenaque
783 1585 849 1648 tela
918 1585 920 1588 ’

55 1683 218 1773 coniciunt,
240 1681 360 1764 partim
383 1681 474 1764 galea
496 1681 662 1764 clipeoque
685 1681 844 1744 resultant
1004 1699 1057 1746 330

55 1779 155 1863 inrita,
177 1778 308 1842 deflexit
330 1778 450 1861 partim
473 1778 666 1862 stringentia
689 1800 804 1862 corpus

55 1876 132 1939 alma
153 1874 272 1939 Venus.
310 1875 410 1937 fidum
432 1872 557 1938 Aeneas
581 1875 708 1938 adfatur
730 1873 889 1940 Achaten:

55 1973 196 2058 ‘suggere
218 1971 284 2034 tela
306 1970 398 2034 inihi:
421 1992 489 2034 non
510 1971 610 2034 ullum
635 1972 764 2036 dextera
782 1972 903 2037 frustra

55 2069 190 2133 torserit.
202 2069 238 2132 in
259 2067 409 2154 Rutulos,
433 2071 593 2132 steterunt
617 2090 697 2151 quae
720 2069 906 2151 incorpore
925 2067 1058 2134 Graium

55 2165 154 2230 iliacis
178 2165 320 2248 campis!
365 2169 436 2228 tum
458 2186 608 2249 magnam
630 2165 764 2248 corripit
788 2164 916 2228 hastam
1006 2183 1055 2230 335

55 2268 83 2326 et
104 2263 191 2326 iacit:
215 2262 272 2326 illa
294 2260 407 2324 volans
430 2260 525 2344 clipei
547 2262 785 2326 transverberat
809 2283 881 2326 aera

55 2360 192 2424 Maeonis
216 2363 249 2424 et
271 2357 404 2422 thoraca
427 2358 524 2422 simul
546 2380 619 2421 cum
640 2363 768 2441 pectore
793 2359 923 2443 rumpit.

54 2457 122 2521 hnic
145 2457 246 2520 frater
270 2455 359 2519 subit
381 2454 522 2518 Alcanor
540 2455 736 2539 fratremque
754 2459 899 2518 ruentem

56 2557 210 2618 sustentat
234 2553 359 2616 dextra:
382 2543 416 2615 11
438 2552 556 2616 1111110
579 2552 678 2616 missa
700 2553 820 2616 lacerto

55 2653 197 2735 protinus
221 2651 315 2714 hasta
338 2650 424 2734 fugit
448 2653 617 2732 servatque
639 2654 770 2713 cruenta
792 2654 945 2735 tenorem,
1006 2667 1056 2716 340

55 2750 241 2831 dexteraque
265 2769 304 2810 ex
327 2767 437 2810 umero
460 2747 568 2810 nervis
591 2745 782 2810 moribunda
804 2747 961 2831 pependit.

54 2852 118 2910 tum
141 2844 296 2908 Numitor
319 2844 422 2907 iaculo
446 2844 556 2907 fratris
581 2843 619 2906 de
642 2865 775 2926 corpore
797 2849 891 2927 rapto

55 2945 179 3008 Aenean
201 2942 310 3025 petiit3
335 2941 478 3004 sednon
500 2945 532 3003 et
555 2941 654 3024 figere
677 2944 789 3005 contra

55 3044 99 3103 est
120 3039 254 3124 licitum,
276 3037 449 3121 magnique
472 3037 575 3100 femur
599 3039 789 3120 perstrinxit
811 3036 961 3102 Achatae.

54 3137 101 3201 hic
123 3134 260 3200 Curibus
284 3133 385 3198 fidens
409 3135 570 3217 primaevo
595 3156 727 3217 corpore
751 3133 886 3198 Clausus
1007 3152 1057 3201 345

55 3234 176 3298 advenit
199 3237 231 3296 et
253 3230 359 3316 rigida
381 3230 546 3315 Dryopem
569 3233 645 3296 ferit
668 3231 792 3296 eminus
814 3231 909 3295 hasta

56 3331 110 3395 sub
132 3333 275 3394 mentum
299 3328 440 3413 graviter
463 3350 573 3410 pressa
595 3328 780 3410 pariterque
801 3327 963 3410 loquentis

55 3451 157 3492 vocem
180 3426 380 3508 animamque
403 3425 488 3508 rapit
512 3425 645 3488 traiecto
670 3429 813 3510 gutture3
838 3425 947 3488 atille

55 3527 153 3590 fronte
176 3523 249 3589 ferit
274 3527 393 3587 terram
417 3526 449 3587 11
473 3544 615 3586 crassum
638 3521 740 3587 vomit
764 3543 818 3586 ore
842 3543 992 3586 cruorem.
