2514 3966
207 279 272 344 358
529 264 679 334 VER'GILI
696 279 828 334 innuis
847 281 885 334 xi

207 441 354 526 ingravat
376 442 453 506 haec
476 464 587 512 saevos
610 441 752 505 Drances
777 442 944 524 solumque
968 441 1077 505 vocari
1164 459 1212 506 aso

206 543 354 626 testatur,
377 541 483 604 solum
505 539 595 622 posci
617 539 652 602 in
675 539 847 602 certamina
870 538 1023 602 Turnum.

206 637 308 700 multa
332 637 427 700 simul
450 641 561 700 contra
583 636 681 700 variis
706 637 866 700 sententia
889 635 982 710 dictis

206 755 265 817 pro
289 734 407 818 Turno,
430 737 462 797 et
484 754 637 818 magnum
660 732 789 816 reginae
811 753 929 799 nomen
952 731 1133 816 obumbrat,

207 829 309 894 multa
331 831 437 894 virum
458 831 582 894 meritis
607 833 769 894 sustentat
791 828 876 892 fama
898 829 1048 910 tropaeis.

252 926 320 992 Hos
344 929 428 992 inter
451 931 569 1013 motus,
591 927 695 991 medio
718 926 754 989 in
776 925 933 1010 flagrante
956 925 1109 1010 tumultu,
1162 943 1211 990 aas

207 1046 277 1088 ecce
301 1037 395 1108 super
417 1025 532 1088 maesti
554 1045 672 1108 magna
695 1021 860 1086 Diomedis
884 1023 924 1086 ab
948 1023 1027 1086 urbe

207 1119 306 1207 legati
329 1144 482 1205 responsa
504 1122 625 1185 ferunt:
648 1119 733 1184 nihil
756 1120 905 1184 omnibus
929 1123 1036 1184 aetum

207 1222 372 1282 tantorum
394 1218 547 1301 impensis
572 1240 712 1303 operum,
734 1217 783 1280 nil
806 1217 889 1282 dona
911 1239 1015 1301 neque
1038 1240 1150 1280 aurum

207 1337 265 1379 nec
287 1336 419 1400 magnas
442 1315 581 1380 valuisse
603 1335 723 1400 preces,
745 1314 809 1378 alia
832 1336 921 1378 arma
944 1313 1070 1378 Latinis

209 1413 387 1497 quaerenda
410 1417 465 1476 aut
487 1434 598 1496 pacem
621 1411 759 1477 Troiano
783 1411 823 1474 ab
847 1431 922 1494 rege
944 1410 1123 1493 petendum.
1162 1428 1209 1475 230

208 1510 313 1573 deficit
335 1509 460 1594 ingenti
482 1510 572 1573 luctu
595 1531 651 1572 rex
674 1509 743 1591 ipse
766 1507 909 1570 Latinus.

208 1607 337 1669 fatalem
359 1610 496 1696 Aenean
512 1605 684 1669 manifesto
707 1605 838 1668 numine
860 1603 937 1668 ferri

209 1685 429 1766 admonefira
451 1703 545 1766 deum
567 1703 748 1786 tumulique
770 1706 844 1766 ante
868 1723 924 1766 ora
946 1705 1098 1766 recentes.

209 1821 285 1884 ergo
309 1800 478 1864 concilium
500 1820 655 1883 magnum
677 1801 862 1883 primosque
885 1820 1017 1862 suorum

209 1897 343 1980 imperio
368 1897 485 1960 accitos
508 1896 574 1960 alta
598 1896 685 1960 intra
707 1896 819 1960 limina
842 1895 936 1980 cogit.
1163 1913 1207 1961 235

210 1995 267 2058 olli
290 2014 462 2076 convenere
485 1992 654 2075 fluuntque
677 1991 717 2054 ad
739 1994 829 2078 regia
851 1993 954 2075 plenis

209 2095 294 2155 tecta
316 2090 386 2155 viis.
433 2089 520 2153 sedet
543 2090 578 2152 in
599 2088 712 2151 mediis
736 2092 768 2151 et
790 2089 948 2152 maximus
972 2111 1050 2154 aevo

210 2195 241 2254 et
264 2189 386 2272 primus
411 2187 545 2270 sceptris
568 2186 648 2249 haut
672 2185 756 2250 laeta
779 2188 885 2250 fronte
909 2185 1052 2250 Latinus.
1144 2227 1146 2232 ·

210 2292 306 2371 atque
327 2286 381 2350 hie
402 2286 527 2369 legatos
550 2282 667 2348 Aetola
690 2304 728 2346 ex
752 2283 830 2346 urbe
853 2282 1015 2367 remissos,

209 2406 290 2468 quae
313 2382 461 2466 referant,
483 2380 544 2444 fari
566 2379 656 2443 iubet
680 2383 711 2442 et
735 2401 889 2463 responsa
911 2379 1052 2462 reposcit
1163 2395 1207 2444 240

209 2481 319 2546 ordine
342 2483 455 2544 cuncta
479 2499 544 2541 suo.
590 2481 662 2540 tum
683 2477 769 2540 facta
793 2477 921 2540 silentia
943 2476 1074 2562 linguis,

209 2583 240 2642 et
263 2576 408 2642 Venulus
431 2575 516 2639 dicto
539 2596 655 2658 parens
678 2573 725 2638 ita
748 2573 845 2637 farier
868 2573 953 2637 infit:

253 2673 422 2757 ‘Vidimus
446 2694 464 2736 ο
487 2671 581 2756 cives
603 2669 757 2734 Diomede
781 2669 964 2755 Argivaque
987 2675 1094 2736 castra

208 2777 305 2856 atque
326 2772 389 2834 iter
412 2768 531 2834 emensi
554 2789 646 2832 casus
671 2768 892 2850 superavimus
917 2769 1020 2832 omnis

208 2869 464 2954 contigimusque
487 2888 626 2951 manum,
651 2887 714 2948 qua
737 2863 875 2929 concidit
899 2863 959 2928 Ilia
982 2865 1087 2930 tellus.
1163 2881 1205 2928 sis

208 2967 262 3030 ille
285 2966 397 3029 urbem
419 2963 616 3048 Argyripam
639 2961 762 3046 patriae
785 2961 973 3046 cognomine
997 2963 1102 3046 gentis

207 3064 311 3127 victor
334 3061 476 3145 Gargani
498 3061 657 3124 condebat
680 3057 812 3144 Iapygis
836 3058 930 3142 agris.

207 3164 382 3245 postquam
404 3159 595 3242 introgressi
618 3161 650 3222 et
674 3177 781 3220 coram
803 3155 877 3218 data
900 3155 991 3238 copia
1013 3155 1110 3241 fandi,

208 3279 339 3320 munera
362 3254 583 3340 praeferimus,
605 3275 721 3318 nomen
745 3253 946 3337 patriamque
970 3253 1131 3337 docemus,

209 3352 265 3435 qui
288 3350 411 3413 bellum
434 3351 615 3435 intulerint,
638 3373 719 3434 quae
743 3372 838 3414 causa
861 3351 1030 3414 attraxerit
1053 3349 1205 3434 Arposnso

209 3447 331 3510 auditis
354 3447 409 3509 ille
432 3446 509 3510 haec
532 3447 656 3529 placido
682 3448 727 3512 sic
750 3446 886 3510 reddidit
910 3467 977 3510 ore:

209 3545 255 3606 “o
279 3543 462 3606 fortunatae
485 3547 605 3629 gentes,
629 3542 779 3608 Saturnia
802 3563 910 3628 regna,
