2538 3970
203 231 269 296 210
518 229 666 286 vanem
684 231 816 286 Ananis
834 231 885 287 VII

203 415 260 477 per
282 391 421 477 Latium,
444 396 616 476 postquam
638 393 674 457 in
692 395 817 476 partem
836 392 910 456 data
928 391 1033 457 Roma
1052 390 1176 457 Sabinis.

203 512 268 554 una
290 490 404 576 ingens
428 489 596 554 Amiterna
619 490 733 554 cohors
757 490 918 574 priscique
941 487 1091 576 Quirites,
1153 507 1194 556 111

203 586 296 651 Ereti
319 609 432 653 manus
458 589 561 652 omnis
586 586 814 671 oliviferaeque
837 587 1016 672 Mutuscae3

204 684 260 769 qui
283 682 481 749 Nomentum
504 685 626 770 urbem,
650 683 706 767 qui
729 681 835 748 Rosea
857 705 933 748 rura
956 683 1075 771 Velini,

204 781 260 866 qui
284 781 427 846 Tetricae
450 782 612 847 horrentis
636 802 731 865 rupes
754 783 960 864 montemque
985 779 1133 846 Severum

204 874 452 961 Casperiamque
476 877 586 942 colunt
609 875 809 960 Forulosque
833 881 865 942 et
889 879 1007 943 flumen
1030 877 1184 967 Himellae,

138 998 140 1011 ³
204 974 261 1058 qui
279 973 421 1038 Tiberini
439 973 651 1058 Fabarimque
670 973 797 1061 bibunt,
819 997 900 1058 quos
919 975 1037 1060 frigida
1055 977 1140 1042 misit
1153 995 1193 1042 111

107 1067 112 1074 ’
203 1068 334 1158 Nursia,
356 1075 389 1136 et
412 1069 544 1136 Ortinae
566 1071 684 1136 classes
707 1071 882 1155 populique
905 1071 1024 1159 Latini,

204 1188 349 1252 quosque
372 1189 482 1233 secans
505 1168 682 1232 infaustum
705 1169 853 1233 interluit
875 1165 950 1232 Alia
972 1190 1099 1236 nomen:

135 1257 137 1331 ἶ
204 1285 300 1348 quam
322 1265 418 1330 multi
440 1264 560 1348 Libyco
585 1265 757 1330 volvontur
779 1287 936 1330 marmore
959 1266 1086 1355 fluctus,

205 1383 316 1426 saevos
339 1361 396 1426 ubi
420 1360 520 1427 Orion
542 1361 686 1427 hibernis
710 1361 858 1427 conditur
881 1364 988 1448 undis3

140 1462 142 1475 '
204 1459 255 1523 vel
277 1480 350 1524 cum
374 1460 441 1524 sole
463 1481 547 1524 novo
571 1459 687 1524 densae
709 1463 874 1524 torrentur
897 1459 1015 1525 aristae
1152 1481 1192 1528 111

144 1588 146 1597 =
205 1558 261 1620 aut
283 1553 397 1619 Hermi
420 1578 532 1640 campo
557 1560 612 1620 ant
635 1555 752 1640 Lyciae
774 1555 967 1622 flaventibus
992 1561 1083 1626 arvis.

145 1684 150 1737 χ
205 1655 296 1716 scuta
319 1657 435 1718 sonant
457 1655 616 1737 pulsuque
638 1654 755 1738 pedum
778 1654 952 1718 conterrita
975 1657 1079 1722 tellus.

149 1746 155 1784 ¹¹
248 1747 333 1813 Hinc
356 1747 638 1835 Agamemnonius,
660 1747 791 1814 Troiani
814 1751 954 1815 nominis
977 1752 1091 1842 hostis,

204 1868 300 1910 curru
322 1846 429 1931 iungit
451 1845 609 1910 Halaesus
633 1867 733 1930 equos
757 1847 929 1932 Turnoque
952 1849 1066 1915 ferocis

204 1943 292 2006 mille
315 1943 400 2026 rapit
422 1943 570 2029 populos,
593 1947 724 2007 vertunt
746 1943 851 2008 felicia
874 1943 999 2010 Baccho
1150 1966 1191 2016 115

204 2039 342 2104 Massica
364 2040 420 2123 qui
443 2041 556 2104 rastris
581 2044 613 2104 et
637 2062 718 2123 quos
741 2040 779 2106 de
802 2042 938 2108 collibus
963 2045 1038 2109 altis

203 2135 347 2202 Aurunci
369 2137 484 2201 misere
506 2141 624 2224 patres,
648 2135 852 2222 Sidicinaque
874 2140 966 2206 iuxta

204 2255 342 2318 aequora
365 2234 484 2318 quique
507 2231 599 2298 Cales
622 2234 756 2322 lincunt,
779 2237 944 2320 amnisque
967 2239 1076 2304 vadosi

204 2330 309 2396 accola
332 2329 496 2417 Volturni,
518 2331 702 2415 pariterque
726 2329 887 2398 Saticulus
911 2357 1004 2419 asper

204 2427 422 2512 Oscorumque
444 2449 566 2492 manus.
612 2430 729 2492 teretes
754 2434 830 2494 sunt
853 2431 978 2515 aclydes
1002 2433 1067 2500 illis
1149 2452 1190 2501 110

202 2525 276 2609 tela,
299 2524 354 2589 sed
377 2524 455 2588 haec
477 2525 564 2589 lento
588 2546 658 2590 mos
682 2529 731 2590 est
756 2530 866 2610 aptare
889 2525 1030 2616 fiagell03

202 2623 308 2686 laevas
332 2625 438 2685 caetra
461 2621 552 2706 tegit,
575 2621 685 2686 falcati
709 2623 886 2688 comminus
911 2646 1008 2690 enses.

247 2715 316 2783 Nec
338 2721 375 2782 tu
398 2718 592 2783 carminibus
615 2718 736 2783 nostris
760 2719 898 2786 indictus
922 2723 1036 2810 abibis,

203 2814 330 2901 Oebale,
354 2836 448 2898 quem
471 2807 639 2899 generasse
663 2815 763 2881 Telon
787 2815 958 2883 Sebethide
977 2821 1116 2906 nympha
1135 2841 1138 2850 ·

201 2911 313 2998 fertur,
337 2911 511 2976 Teleboum
534 2910 672 2995 Capreas
696 2934 769 2978 cum
791 2935 890 3000 regna
914 2919 1045 3004 teneret,
1150 2935 1190 2984 131

201 3009 266 3072 iam
289 3009 407 3094 senior3
430 3009 544 3092 patriis
569 3010 713 3074 sednon
736 3013 767 3074 et
790 3011 877 3076 filius
901 3013 986 3078 arvis

201 3109 371 3170 contentus
394 3106 459 3171 late
482 3108 546 3170 iam
569 3111 639 3170 tum
662 3107 785 3172 dicione
808 3110 974 3192 premebat

201 3199 358 3267 Sarrastis
382 3205 518 3287 populos
543 3208 574 3268 et
598 3225 679 3287 quae
702 3204 789 3290 rigat
812 3227 952 3290 aequora
975 3205 1093 3276 Sarnus

201 3299 320 3383 quique
334 3298 453 3364 Rufras
468 3301 683 3384 Batulumque
702 3304 813 3366 tenent
833 3306 930 3386 atque
950 3327 1025 3370 arva
1040 3305 1191 3372 Celemnae

201 3399 234 3459 et
257 3417 338 3479 quos
362 3397 524 3462 maliferae
547 3398 733 3482 despectant
756 3401 882 3464 moenia
906 3399 1022 3489 Bellae,
1150 3417 1193 3466 111

200 3491 378 3556 Teutonico
401 3492 467 3555 ritu
492 3493 580 3558 soliti
603 3497 754 3581 torquere
777 3499 908 3585 cateias,
