2514 3966
189 267 252 330 326
519 267 667 322 VERGlLI
686 269 818 322 AENEIS
836 269 861 322 X

187 449 288 492 nosne
314 429 376 492 tibi
399 427 502 492 fluxas
525 428 685 516 Phrygiae
708 453 758 495 res
781 437 903 498 vertere
925 432 1024 496 fundo

188 526 361 590 conamur?
383 547 454 611 nos,
478 547 520 589 an
541 527 676 592 miseros
701 529 757 612 qui
780 529 881 592 Troas
904 527 1037 592 Achivis

189 622 329 686 obiecit?
354 644 434 706 quae
458 645 554 687 causa
577 624 649 710 fuit,
672 647 863 710 consurgere
884 626 920 689 in
942 648 1030 690 arma
1160 642 1190 688 00

189 720 417 803 Europamque
440 719 616 804 Asiamque
640 725 672 785 et
694 723 822 786 foedera
845 722 967 786 solvere
990 720 1103 786 furto?

188 837 240 880 me
263 816 340 879 duee
363 815 544 881 Dardanius
570 815 718 900 Spartam
741 819 936 903 expugnavit
958 818 1092 902 adulter,

190 917 245 976 aut
269 934 328 997 ego
351 914 416 976 tela
439 915 509 977 dedi
531 914 637 978 fovive
661 913 817 999 Cupidine
839 914 944 978 bella?

189 1014 260 1073 tum
283 1009 390 1074 decuit
412 1011 566 1074 metuisse
590 1013 669 1075 tuis:
691 1033 777 1076 nunc
799 1034 870 1076 sera
888 1011 1039 1095 querellis

189 1107 269 1170 haut
291 1108 386 1171 iustis
410 1107 557 1192 adsurgis
581 1111 613 1170 et
635 1109 735 1172 inrita
757 1107 862 1192 iurgia
881 1106 1002 1170 iactas?
1159 1123 1188 1170 95

234 1204 366 1268 Talibus
390 1204 504 1268 orabat
527 1203 618 1290 Iunc,
642 1205 811 1289 cunctique
834 1204 1012 1268 fremebant
1238 1202 1239 1274 l

153 1339 157 1357 ι
190 1303 359 1366 0001100100
383 1300 519 1364 adsensu
543 1302 642 1387 vario,
664 1323 722 1366 eeu
744 1301 875 1365 flamina
896 1301 999 1384 prima

191 1422 263 1463 curn
285 1399 439 1482 deprensa
461 1398 603 1461 fremunt
628 1398 717 1461 silvis
742 1403 774 1462 et
796 1419 888 1462 00000
909 1397 1060 1462 volutant

190 1519 364 1581 murmura,
386 1498 538 1558 venturos
560 1495 669 1558 nautis
693 1495 861 1578 prodentia
883 1499 1005 1558 ventos

191 1599 261 1657 tum
283 1597 374 1676 pater
398 1591 609 1675 omnipotens,
631 1613 738 1655 rerum
761 1593 812 1656 cui
834 1592 937 1676 prima
960 1595 1114 1677 potestas,
1145 1611 1186 1658 100
1239 1588 1240 1668 1

146 1727 149 1737 v
191 1691 264 1754 infit
287 1688 339 1777 (eo
362 1690 485 1753 dicente
508 1688 602 1752 deum
625 1689 737 1752 domus
761 1690 827 1752 alta
850 1689 970 1752 silescit
1239 1689 1240 1696 ’

192 1791 225 1851 00
246 1787 432 1850 tremefacta
454 1785 523 1849 solo
547 1785 653 1870 tellau,
677 1785 750 1848 silet
773 1787 888 1849 arduos
912 1785 1031 1872 aether,

191 1889 262 1948 tum
285 1883 416 1967 zephyri
437 1903 581 1967 posuere,
604 1883 721 1963 premit
743 1882 867 1964 placida
890 1904 1029 1966 aequora
1050 1882 1186 1970 pontus):

192 1981 337 2064 ‘accipite
360 2001 436 2064 ergo
460 1979 575 2042 animis
598 1982 694 2060 atque
716 1978 794 2042 haec
815 2001 886 2041 rnea
908 1979 999 2063 figite
1022 1980 1112 2045 dieta.
1240 1974 1241 2046 l

192 2076 448 2162 quandoquidem
469 2075 632 2138 Ausonios
656 2075 807 2160 coniungi
829 2076 954 2140 foedere
977 2077 1107 2142 Teucris
1145 2095 1186 2142 100
1240 2049 1241 2088 i

191 2175 255 2239 hau
277 2174 412 2258 licitum,
433 2193 492 2236 nec
514 2176 621 2235 vestra
644 2172 730 2254 capit
753 2172 911 2237 discordia
931 2173 1041 2238 finem:

193 2294 273 2356 quae
288 2271 401 2353 cuique
415 2273 464 2332 est
478 2269 608 2332 fortuna
621 2267 725 2353 hodie,
740 2291 836 2352 quarn
850 2271 986 2353 quisque
1001 2276 1087 2335 secat
1101 2293 1186 2355 spem,

193 2369 273 2433 Tros
296 2367 478 2430 Rutulusne
500 2365 570 2428 fuat
591 2363 681 2428 nullo
705 2364 886 2429 discrimine
909 2366 1036 2431 habebo

193 2467 264 2550 [seu
286 2465 363 2528 fatis
385 2462 504 2526 Italum
527 2466 632 2526 castra
656 2462 821 2526 obsidione
843 2466 994 2526 tenentur

193 2565 260 2627 sive
283 2582 389 2624 errore
411 2560 496 2622 malo
520 2559 634 2622 Troiae
656 2559 852 2642 monitisque
876 2559 1041 2646 sinistris}
1146 2576 1186 2623 110

192 2681 250 2723 nec
272 2657 409 2741 populos
434 2657 537 2720 solvo:
561 2677 619 2718 sua
641 2657 755 2738 cuique
779 2677 892 2720 exorsa
914 2656 1059 2722 laborem

193 2758 419 2837 fortunamque
440 2753 552 2818 ferent.
597 2775 653 2815 rex
676 2751 822 2835 Iuppiter
845 2753 995 2817 omnibus
1019 2754 1108 2818 idem.

193 2854 260 2917 fata
283 2852 369 2914 viam
391 2849 573 2913 invenient’
620 2847 727 2934 Stygii
749 2871 806 2932 per
828 2849 961 2913 flumina
984 2851 1103 2936 fratriS,

194 2974 251 3034 per
274 2951 342 3032 pice
365 2947 519 3011 torrentis
544 2951 676 3029 atraque
699 2946 852 3030 voragine
875 2947 962 3030 ripas

195 3045 306 3109 adnuit
329 3047 360 3106 et
383 3047 489 3106 toturn
511 3047 594 3106 nutu
616 3044 792 3107 tremefecit
816 3042 996 3126 Olympum.
1147 3059 1186 3106 110

193 3142 246 3205 1110
268 3141 342 3204 finis
365 3140 460 3203 fandi.
508 3140 588 3204 solio
612 3143 682 3203 tum
704 3139 850 3223 Iuppiter
873 3163 969 3204 aureo

195 3239 310 3322 surgit,
332 3237 498 3300 caelicolae
521 3237 661 3301 medium
685 3259 779 3320 quem
802 3238 842 3300 ad
864 3238 976 3302 limina
999 3239 1122 3302 ducunt.

19 3344 26 3410 t
239 3335 366 3398 Interea
388 3332 503 3396 Rutuli
526 3335 629 3416 portis
653 3335 772 3397 circum
795 3335 944 3398 omnibus
968 3336 1091 3399 instant

196 3435 338 3494 sternere
362 3428 454 3492 caede
476 3430 563 3494 viros
587 3434 619 3492 et
642 3431 767 3494 moenia
790 3431 916 3515 cingere
939 3430 1085 3496 flammis.

197 3525 337 3609 ratlegio
362 3523 545 3589 Aeneadum
569 3525 662 3590 vallis
689 3527 818 3590 obsessa
841 3531 978 3614 tenetur,
1146 3539 1185 3589 120
