2556 3966
191 277 256 343 392
510 277 658 332 vasum
677 275 809 330 Aruns
828 276 878 330 xu

236 438 344 524 Atque
369 463 405 504 ea
429 440 504 504 dum
527 439 646 523 campis
670 439 773 502 victor
796 437 850 502 dat
873 438 985 500 funera
1008 435 1145 522 Turnus,

191 539 315 602 interea
336 537 469 602 Aenean
490 537 677 602 Mnestheus
701 538 733 600 et
752 535 834 598 fidus
857 534 996 598 Achates

191 632 413 717 Ascaniusque
437 655 542 698 comes
566 633 680 697 castris
704 636 844 696 statuere
865 637 1041 717 cruentum,
1150 646 1205 696 385

192 731 333 796 alternos
356 731 454 815 longa
477 731 635 794 nitentem
658 728 787 812 cuspide
809 750 946 813 gressus

193 829 294 891 saevit
318 830 349 891 et
372 828 508 892 infracta
525 828 673 892 vluctatur
695 825 873 890 harundine
896 827 996 890 telum

193 925 313 1007 eripere
336 925 519 1009 auxilioque
542 925 636 1010 viam,
659 945 739 1006 quae
763 923 918 1008 proxima,
940 923 1059 1006 poscit:

193 1043 267 1085 ense
291 1025 398 1086 secent
420 1023 487 1085 lato
511 1022 626 1086 volnus
650 1020 769 1103 telique
792 1020 948 1083 latebram
1051 1033 1054 1039 “

88 1187 92 1196 Δ
192 1117 374 1182 rescindant
396 1118 525 1201 penitus
550 1137 681 1200 seseque
704 1117 738 1180 in
761 1117 846 1181 bella
868 1117 1042 1182 remittant.
1153 1135 1207 1184 390

192 1214 319 1298 iamque
343 1215 451 1278 aderat
475 1213 604 1278 Phoebo
629 1219 703 1280 ante
727 1214 807 1278 alios
831 1213 965 1276 dilectus
988 1212 1091 1296 Iapyx

193 1311 322 1396 Iasides,
346 1311 410 1375 acri
436 1311 596 1394 quondam
620 1312 696 1394 quoi
719 1315 831 1394 captus
855 1332 961 1374 amore

191 1410 261 1492 ipse
284 1431 358 1472 suas
383 1412 477 1494 artes,
501 1429 558 1471 sua
580 1429 721 1493 munera,
743 1409 846 1472 laetus
869 1405 987 1490 Apollo

192 1506 362 1590 augurium
385 1504 603 1587 citharamque
627 1493 724 1569 dabat
747 1505 921 1588 celerisque
946 1504 1090 1588 sagittas,

143 1675 145 1684 Ι
192 1603 245 1666 ille
269 1606 305 1666 ut
328 1602 465 1685 depositi
488 1603 646 1684 proferret
669 1603 737 1666 fata
759 1602 912 1686 parentis,
1152 1620 1206 1668 395

193 1701 272 1764 scire
296 1703 473 1784 potestates
496 1699 667 1764 herbarum
691 1721 848 1782 usumque
870 1698 1015 1762 medendi

191 1797 306 1860 maluit
330 1801 361 1860 et
384 1801 490 1860 mutas
515 1797 637 1881 agitare
660 1797 817 1880 inglorius
842 1799 935 1860 artes.

167 1916 171 1927 ·
193 1893 300 1957 stabat
323 1893 436 1958 acerba
458 1893 606 1979 fremens,
628 1894 791 1978 ingentem
814 1893 908 1956 nixus
932 1893 967 1955 in
984 1891 1114 1955 hastam

191 1990 315 2054 Aeneas
338 2011 455 2075 magno
479 1991 629 2054 iuvenum
652 1995 684 2054 et
707 1989 878 2054 maerentis
901 1987 975 2072 Iuli

193 2109 356 2173 concursu,
378 2087 520 2170 lacrimis
544 2087 727 2151 immobilis.
773 2087 828 2149 ille
849 2089 973 2148 retorto
1152 2104 1207 2153 400
1273 2071 1274 2120 l

191 2185 366 2249 Paeonium
388 2186 423 2248 in
445 2207 566 2248 morem
590 2185 696 2249 senior
719 2183 898 2247 succinctus
922 2182 1041 2246 amictu

192 2283 294 2346 multa
316 2305 413 2344 manu
435 2282 557 2344 medica
580 2280 765 2363 Phoebique
789 2279 976 2363 potentibus
1001 2279 1111 2342 herbis

192 2380 385 2464 nequiquam
410 2378 559 2463 trepidat,
582 2378 776 2461 nequiquam
800 2377 922 2459 spicula
944 2376 1056 2440 dextra

193 2477 346 2540 sollicitat
368 2479 561 2558 prensatque
585 2475 688 2538 tenaci
711 2475 831 2556 forcipe
854 2475 981 2536 ferrum.

191 2575 281 2637 nulla
303 2574 389 2637 viam
411 2569 553 2636 Fortuna
576 2573 669 2658 regit,
691 2571 774 2634 nihil
797 2574 907 2634 auctor
930 2570 1048 2653 Apollo
1151 2591 1205 2640 405
1273 2657 1274 2670 χ

193 2671 354 2753 subvenit3
379 2673 410 2733 et
435 2690 545 2732 saevos
569 2669 688 2752 campis
711 2669 814 2752 magis
840 2689 875 2730 ac
897 2667 1001 2751 magis
1024 2668 1142 2734 horror

192 2768 363 2832 crebrescit
386 2767 581 2850 propiusque
603 2765 721 2829 malum
748 2769 804 2828 est.
846 2765 910 2827 iam
928 2765 1058 2847 pulvere
1077 2769 1203 2834 caelum
1273 2797 1274 2808 ¹

194 2882 279 2928 stare
301 2863 422 2926 vident:
447 2861 584 2925 subeunt
609 2861 741 2946 equites,
765 2866 796 2924 et
821 2862 942 2944 spicula
965 2862 1078 2926 castris

193 2961 291 3024 densa
314 2961 431 3024 cadunt
454 2959 575 3027 mediis.
621 2959 647 3022 it
670 2959 775 3022 tristis
800 2959 839 3022 ad
862 2959 989 3023 aethera
1012 2961 1133 3024 clamor

193 3057 370 3121 bellantum
392 3057 540 3119 iuvenum
565 3059 597 3118 et
620 3056 698 3118 duro
723 3056 782 3119 sub
806 3055 910 3118 Marte
934 3056 1109 3120 cadentum.
1150 3078 1204 3126 4¹0
1273 3039 1274 3046 i

192 3154 244 3217 hic
267 3153 386 3237 Venus,
409 3153 540 3236 indigno
564 3153 633 3216 nati
657 3173 809 3216 concussa
832 3152 950 3237 dolore,

193 3253 387 3315 dictamnum
411 3250 554 3332 genetrix
579 3246 712 3313 Cretaea
735 3250 837 3332 carpit
861 3248 899 3312 ab
919 3249 983 3326 lda,

192 3348 366 3433 puberibus
390 3347 512 3408 caulem
534 3346 620 3408 foliis
644 3350 675 3409 et
698 3345 776 3408 flore
799 3351 976 3410 comantem

192 3463 351 3528 purpureo
375 3439 455 3526 (non
478 3442 534 3503 illa
557 3442 632 3504 feris
656 3442 819 3523 incognita
842 3442 945 3523 capris

191 3539 345 3625 gramina,
368 3559 439 3600 cum
463 3541 553 3620 tergo
577 3537 720 3601 volucres
744 3536 873 3598 haesere
897 3536 1062 3621 sagittael:
1148 3560 1201 3607 415
1273 3525 1274 3600 l

1273 3637 1274 3664 l
