2576 3970
422 273 570 332 VERGILI
588 275 719 331 annale
739 275 776 332 Vl
1036 278 1100 342 229

91 441 123 500 et
146 436 424 522 centumgeminus
448 435 598 501 Briareus
620 459 657 502 00
679 439 774 503 belua
796 438 917 504 Lernae

89 534 288 598 horrendum
312 533 459 618 stridens,
482 533 683 617 flammisque
706 538 828 599 armata
852 533 1028 620 Chimaera,

92 629 262 715 Gorgones
284 627 510 715 Harpyiaeque
533 635 566 695 et
588 631 692 694 forma
713 633 902 715 tricorporis
925 634 1064 697 umbrae.

90 727 227 810 corripit
249 726 303 790 bic
326 726 434 790 subita
456 727 599 810 trepidus
622 727 793 793 formidine
815 730 935 793 ferrum
1049 747 1100 796 290
1230 751 1233 756 ·

90 824 218 888 Aeneas
242 823 451 906 strictamque
474 823 573 888 aciem
596 824 798 890 venientibus
823 826 925 912 offert,

90 925 124 984 et
145 922 182 985 ni
206 921 300 985 docta
323 942 427 985 comes
451 920 558 984 tenuis
582 921 649 984 sine
671 943 803 1005 corpore
825 923 909 989 ritas

91 1018 264 1082 admoneat
287 1017 423 1081 volitare
446 1037 523 1082 0000
546 1017 605 1080 sub
628 1018 768 1103 imagine
790 1019 920 1105 formae,

90 1116 203 1178 inruat
226 1117 260 1179 et
282 1113 404 1177 frustra
426 1114 512 1178 ferro
535 1113 715 1178 diverberet
738 1117 876 1181 umbras.

136 1211 223 1275 Hinc
241 1211 294 1275 ria
312 1209 457 1274 Tartarei
476 1231 556 1294 quae
574 1211 638 1274 fert
655 1210 848 1277 Acherontis
867 1214 907 1278 ad
924 1212 1100 1278 00100005

90 1308 244 1372 turbidus
266 1307 320 1372 hic
342 1328 438 1372 caeno
461 1311 616 1391 vastaque
638 1309 790 1394 voragine
813 1331 930 1395 gurges

91 1407 221 1470 aestuat
244 1407 341 1488 atque
365 1425 490 1468 omnem
513 1401 634 1488 Cocyto
657 1409 781 1470 eructat
804 1405 963 1472 harenam.

89 1501 235 1584 portitor
257 1499 316 1565 has
339 1500 516 1564 horrendus
540 1523 638 1584 aquas
661 1506 694 1566 et
716 1502 849 1568 flumina
872 1507 977 1568 servat

89 1597 234 1661 terribili
257 1597 405 1680 squalore
429 1594 566 1682 Charon,
589 1598 640 1661 cui
662 1600 801 1683 plurima
822 1604 930 1664 mento

90 1695 228 1759 canities
250 1694 374 1758 inculta
396 1695 487 1780 iacet,
510 1699 598 1758 stant
620 1696 742 1760 lumina
764 1696 900 1784 flamma,
1049 1716 1100 1764 000

91 1791 243 1857 sordidus
267 1812 306 1855 ex
328 1791 446 1856 umeris
468 1789 553 1855 nodo
577 1791 731 1874 dependet
754 1793 897 1858 amictus.
1139 1797 1141 1805 “

89 1891 163 1972 ipse
187 1892 290 1952 ratem
313 1893 408 1952 conto
432 1889 554 1974 subigit
576 1889 719 1972 velisque
741 1890 904 1954 ministrat

90 1991 126 2050 et
148 1985 332 2068 ferruginea
355 1985 522 2049 subvectat
545 2006 678 2069 corpora
701 1985 824 2071 cumba,

88 2084 159 2146 iam
183 2082 299 2167 senior,
321 2082 377 2145 sed
400 2083 495 2146 cruda
518 2082 576 2145 deo
598 2081 773 2166 viridisque
796 2087 949 2148 senectus.

88 2179 158 2242 huc
181 2177 285 2242 omnis
309 2178 404 2242 turba
427 2179 575 2262 adnripas
598 2177 698 2256 effusa
719 2179 843 2264 ruebat,
923 2235 926 2242 .
1049 2197 1100 2246 300

89 2280 214 2340 matres
237 2279 334 2359 atque
356 2276 419 2340 riri
441 2275 652 2358 defunctaque
675 2295 809 2359 corpora
831 2276 899 2340 vita

88 2371 335 2458 magnanimum
357 2371 501 2455 heroum,
522 2373 614 2454 pueri
636 2372 853 2456 innuptaeque
876 2373 999 2457 puellae

89 2469 303 2553 impositique
326 2468 415 2554 rogis
437 2469 567 2532 iuvenes
591 2473 664 2532 ante
688 2491 744 2533 ora
765 2473 948 2552 parentum:

90 2589 194 2651 quam
215 2565 319 2630 multa
340 2566 376 2629 in
398 2566 488 2629 silvis
511 2566 657 2629 autumni
679 2565 801 2650 frigore
823 2568 926 2649 primo

88 2666 187 2748 lapsa
208 2663 326 2728 cadunt
348 2662 436 2747 folia,
458 2666 514 2725 aut
538 2662 577 2725 ad
599 2666 718 2726 terram
740 2663 869 2747 gurgite
893 2664 932 2726 ab
957 2663 1022 2726 alto
1049 2681 1100 2730 010
1135 2693 1160 2738 Α·

90 2783 193 2844 quam
213 2760 334 2823 multae
357 2759 576 2843 glomerantur
598 2780 682 2845 0000,
703 2758 760 2822 ubi
782 2759 918 2843 frigidus
942 2781 1042 2822 annus
1131 2801 1136 2836 ;

89 2863 185 2922 trans
208 2860 344 2940 pontum
367 2856 459 2940 fugat
482 2860 514 2919 et
536 2857 632 2920 terris
655 2855 803 2920 immittit
826 2856 950 2938 apricis.

91 2954 227 3018 stabant
250 2956 379 3017 orantes
401 2953 498 3036 primi
521 2953 740 3017 transmittere
763 2974 891 3017 cursum

89 3051 331 3133 tendebantque
352 3071 467 3113 manus
490 3050 577 3133 ripae
599 3049 762 3112 ulterioris
786 3072 900 3114 amore.

89 3147 204 3212 navita
227 3147 282 3211 sed
304 3146 409 3211 tristis
431 3167 516 3210 nunc
538 3145 598 3210 hos
620 3167 706 3209 nunc
729 3147 844 3230 accipit
865 3148 950 3234 illos,
1048 3166 1099 3214 315

90 3249 145 3308 ast
169 3243 250 3308 alios
273 3243 369 3328 longe
392 3247 569 3308 summotos
593 3248 679 3308 arcet
701 3243 827 3309 harena.

89 3340 218 3405 Aeneae
240 3341 376 3404 miratus
399 3339 483 3404 enim
505 3344 675 3423 motusque
698 3342 839 3405 tumultu

90 3437 167 3504 ‘dic’
190 3438 246 3523 ait,
269 3438 300 3501 ‘o
324 3437 425 3522 virgo,
447 3437 524 3521 quid
546 3437 615 3502 volt
639 3459 811 3502 concursus
835 3439 874 3502 ad
897 3441 1043 3503 amnem?

90 3534 209 3619 quidve
232 3537 348 3619 petunt
370 3535 514 3600 animae?
537 3535 587 3599 vel
611 3557 675 3620 quo
698 3535 880 3600 discrimine
903 3537 988 3618 ripas
