2538 3970
378 293 527 349 VERGILI
545 294 677 352 nabars
697 295 745 350 VII
996 295 1058 360 261

75 451 184 520 Allecto
205 458 329 536 torvam
352 456 466 520 faciem
489 461 521 520 et
544 457 672 521 furialia
689 457 833 522 membra
1008 473 1059 521 415

75 551 158 635 exuit,
177 552 210 614 in
231 553 339 616 voltus
363 575 432 618 sese
454 553 663 616 transformat
686 553 793 638 anilis3

75 652 101 710 et
119 649 249 714 frontem
272 649 442 714 obscenam
465 651 554 735 rugis
579 654 657 735 arat,
681 649 786 713 induit
809 649 900 713 albos

74 765 133 808 cum
153 746 232 810 vitta
254 747 362 833 orinia,
383 751 455 811 tum
477 770 602 810 ramum
625 747 760 810 innectit
784 747 899 830 olivae3

73 841 104 903 fit
124 839 235 925 Calybe
257 843 391 908 Iunonis
415 865 493 906 anus
517 844 693 928 templique
716 843 862 907 sacerdos

74 941 99 1000 et
118 938 216 1003 iuveni
240 943 315 1004 ante
339 940 448 1004 oculos
471 939 523 1004 his
547 963 580 1004 se
603 962 675 1004 cum
698 940 831 1004 vocibus
856 939 961 1003 offert:
1007 955 1058 1002 42⁰

74 1035 188 1123 ‘Turne
209 1041 260 1102 tot
282 1037 443 1102 incassum
465 1038 555 1101 fusos
576 1038 697 1121 patiere
720 1037 847 1102 labores

73 1136 98 1195 et
117 1137 168 1196 tua
188 1133 359 1198 Dardaniis
383 1134 556 1198 transcribi
579 1139 705 1217 sceptra
728 1134 872 1199 colonis?

71 1252 117 1293 rex
137 1231 195 1294 tibi
217 1231 403 1315 coniugium
426 1235 458 1295 et
481 1232 641 1315 quaesitas
666 1231 821 1316 sanguine
844 1231 934 1294 dotes

71 1327 201 1414 abnegat,
223 1332 438 1412 externusque
460 1329 495 1392 in
517 1350 652 1412 regnum
675 1329 839 1413 quaeritur
862 1328 962 1392 heres.

69 1424 178 1512 inuno,
198 1426 336 1510 ingratis
360 1425 439 1488 offer
462 1429 505 1511 te,
526 1426 635 1512 inrisa,
658 1427 798 1510 periclis:
1007 1442 1059 1489 425

69 1521 245 1607 Tyrrhenas,
267 1521 289 1606 i,
311 1525 418 1586 sterne
441 1523 538 1606 acies;
561 1526 633 1608 tege
656 1546 732 1608 pace
755 1523 898 1588 Latinos.

68 1618 135 1683 haec
155 1619 230 1683 adeo
255 1619 317 1682 tibi
340 1641 400 1703 me,
422 1620 547 1702 placida
570 1642 641 1684 cum
663 1625 758 1686 nocte
780 1622 908 1707 iaceres,

67 1717 128 1799 ipsa
147 1717 253 1800 palam
275 1716 336 1779 fari
359 1717 562 1799 omnipotens
587 1716 737 1782 Saturnia
759 1720 863 1782 iussit.

68 1835 154 1896 quare
175 1833 234 1898 age
257 1817 290 1877 et
312 1815 429 1876 armari
451 1815 569 1896 pubem
591 1816 758 1898 portisque
780 1815 902 1879 moveri

66 1911 157 1975 laetus
176 1911 211 1975 in
224 1934 301 1975 arva
314 1911 398 1995 iube,
411 1914 443 1974 et
456 1909 615 1996 Phrygios
635 1913 690 1994 qui
708 1911 838 1976 flumine
857 1913 991 1996 pulchro
1007 1929 1058 1977 430

66 2009 222 2072 consedere
246 2008 339 2070 duces
363 2007 528 2090 pictasque
551 2030 646 2072 exure
670 2011 802 2073 carinas.

66 2105 226 2170 caelestum
248 2105 297 2168 vis
320 2125 436 2188 magna
458 2104 555 2168 iubet.
597 2128 653 2170 rex
676 2108 745 2190 ipse
768 2106 912 2193 Latinus,

11 2277 14 2288 ,
64 2201 96 2264 ni
115 2201 184 2266 dare
207 2202 392 2286 coniugium
415 2205 447 2266 εὴ
470 2202 555 2265 dicto
578 2224 689 2284 parere
712 2207 840 2288 fatetur,

66 2299 172 2362 sentiat
194 2303 227 2363 et
249 2299 377 2362 tandem
400 2297 544 2361 Turnum
567 2301 749 2382 experiatur
771 2301 805 2364 in
829 2300 947 2365 armis?

102 2439 160 2504 Hic
180 2439 305 2503 iuvenis
328 2441 434 2503 v'atem
456 2439 598 2503 inridens
623 2441 668 2505 sic
691 2463 764 2505 orsa
786 2442 928 2506 vicissim
1006 2460 1058 2506 435

65 2557 112 2600 ore
132 2538 241 2602 refert:
265 2536 387 2600 ‘classis
410 2537 551 2600 invectas
575 2536 748 2621 Thybridis
772 2538 890 2602 undam

63 2654 129 2720 non,
150 2638 187 2698 ut
209 2656 288 2719 rere,
310 2655 397 2697 meas
421 2633 534 2718 effugit
556 2635 690 2698 nuntius
714 2635 809 2699 auris.

63 2751 97 2794 ne
117 2735 224 2796 tantos
247 2731 328 2795 mihi
350 2731 435 2814 finge
457 2734 576 2814 metus3
598 2753 657 2794 nec
679 2732 768 2816 regia
790 2730 871 2796 Iuno

63 2828 219 2895 immemor
242 2833 292 2894 est
314 2830 426 2893 nostri.

64 2927 111 2990 sed
131 2931 163 2992 te
185 2927 270 2991 victa
293 2926 359 2990 situ
382 2927 511 3010 verique
535 2927 629 2990 effeta
652 2931 807 3010 senectus
839 2968 841 2974 r
1007 2944 1059 2992 440

64 3029 206 3108 omater,
229 3023 314 3088 curis
336 3023 533 3106 nequiquam
556 3028 680 3087 exercet
704 3027 735 3087 et
759 3046 847 3087 arma

62 3139 164 3206 regum
186 3121 272 3184 inter
294 3120 375 3184 falsa
398 3125 504 3184 vatem
527 3119 696 3183 formidine
719 3120 809 3183 ludit.

62 3237 127 3282 cura
148 3218 212 3283 tibi
234 3217 342 3280 divom
365 3217 487 3302 effigies
512 3221 544 3281 et
567 3218 687 3300 templa
710 3217 807 3281 tueri:

62 3311 136 3378 bella
158 3315 220 3379 viri
242 3335 415 3398 pacemque
439 3319 560 3398 gerent,
587 3314 659 3398 quis
683 3313 767 3376 bella
790 3314 946 3398 gerenda?
963 3324 969 3407 ζ
992 3273 1025 3354 ᾖ

98 3455 227 3520 Talibus
250 3452 377 3518 dilecto
401 3454 494 3518 dictis
519 3455 639 3518 exarsit
663 3455 697 3517 in
719 3455 791 3518 iras.
1007 3471 1061 3520 445

62 3553 89 3613 at
107 3553 216 3620 iuveni
239 3553 346 3617 oranti
370 3551 498 3616 subitus
521 3555 642 3615 tremor
666 3555 799 3635 occupat
826 3554 925 3639 artus,
