2574 3964
86 1815 104 1862 ll

118 1573 126 1733 l

183 211 226 274 98
474 213 622 268 VERGILI
640 213 851 269 GEORGICON
869 215 920 267 llll

185 376 338 454 quattuor
362 375 495 439 eximios
518 375 696 458 praestanti
720 397 851 458 corpore
874 380 998 440 tauros*
1148 393 1204 441 550

185 470 272 533 ducit
295 475 327 534 et
349 471 471 535 intaeta
493 473 628 535 totidem
650 471 770 535 eerviee
792 471 950 536 iuveneas,

184 571 259 649 post
281 568 337 631 ubi
359 591 445 633 nona
468 591 542 633 sues
566 568 692 632 Aurora
714 568 883 632 induxerat
907 573 1010 653 ortuo,

185 663 314 728 inferias
339 663 458 748 Orphei
481 666 584 729 mittit
606 667 776 748 lucumque
799 666 919 730 revisit.

184 759 237 824 hie
259 783 334 826 vero
358 763 502 826 subitum
525 785 561 828 ae
583 763 669 826 dictu
691 763 838 826 mirabile
860 767 1042 827 monstrum

186 857 358 942 aspiciunt,
379 857 552 941 liquefacta
574 856 673 921 boum
695 881 752 942 per
774 859 896 923 viscera
919 862 989 924 toto
1146 879 1201 925 555

186 953 319 1017 stridere
342 976 416 1037 apes
439 958 532 1018 utero
556 957 588 1018 et
610 955 715 1038 ruptis
739 955 888 1020 effervere
911 957 1025 1042 costis,

185 1050 419 1134 immensasque
441 1051 528 1114 trahi
549 1051 650 1115 nubes
656 1103 665 1136 7
687 1052 814 1136 iamque
838 1052 951 1116 arbore
975 1075 1102 1116 summa

186 1147 343 1210 confluere
366 1151 398 1210 et
420 1148 517 1210 lentis
540 1170 635 1211 uvam
658 1149 824 1212 demittere
847 1150 953 1213 remia

229 1243 317 1308 Haeo
339 1266 435 1327 super
459 1265 608 1308 arvorum
630 1246 720 1309 oultu
741 1268 955 1330 pecorumque
978 1247 1133 1311 canebam

186 1345 218 1404 et
242 1363 337 1424 super
361 1342 546 1426 arboribus,
569 1339 685 1406 Caesar
708 1343 783 1408 dum
801 1365 937 1429 magnus
957 1345 996 1407 ad
1016 1344 1121 1408 altum
1145 1363 1199 1410 560

185 1438 336 1501 fulminat
358 1438 548 1522 Euphraten
570 1439 654 1504 bello
677 1441 843 1524 victorque
865 1440 1005 1504 volentis

186 1551 243 1618 per
265 1537 402 1618 populos
426 1537 480 1599 dat
502 1536 573 1600 iura
594 1536 743 1620 uiamque
766 1537 894 1602 affectat
918 1535 1064 1620 Olympo,

175 1632 243 1695 illo
267 1630 447 1716 Vergilium
469 1654 519 1696 me
542 1636 685 1716 tempore
708 1634 808 1698 duleis
832 1635 938 1699 elebat

121 1739 129 1824 ¹3
186 1728 388 1812 Parthenope
412 1728 527 1793 studiis
550 1729 717 1794 florentem
739 1731 893 1815 ignobilis
918 1732 978 1817 oti,

187 1827 327 1904 earmina
350 1829 405 1910 qui
426 1828 491 1891 lusi
513 1832 679 1911 pastorum
703 1829 868 1911 audaxque
890 1828 1035 1914 iuventa,
1145 1847 1197 1895 565

188 1923 314 2009 Tityre,
335 1926 368 1986 te
390 1924 518 2007 patulae
541 1925 640 1988 oeoini
664 1924 723 1988 sub
747 1925 888 2010 tegmine
910 1925 984 2010 fagi.
1019 2009 1027 2021 Ἴ
1039 1977 1065 2009 a

745 2175 747 2183 1
806 2160 820 2196 2
849 2103 966 2253 lsllle
999 2107 1079 2206 101ῑῖχ

693 2211 727 2262 ‘ji
758 2211 823 2245 lkltl
