2530 3960
505 267 630 325 CULEX.
1012 275 1076 338 421

61 426 174 512 litora,
199 449 272 490 cum
294 426 456 513 Phrygiae
478 431 599 514 passim
622 454 704 518 vaga
727 434 843 516 praeda
865 441 1047 519 peremptae

63 523 172 586 omnis
196 523 232 586 in
255 545 412 608 aequoreo
437 525 544 591 fluitat
566 529 632 592 iam
653 531 810 615 naufraga
832 531 940 597 fluctu.

60 619 120 682 hic
145 619 201 683 alii
225 619 334 684 sidunt
357 621 475 704 pariles
498 625 630 690 virtutis
652 627 774 692 honore

59 717 181 780 heroes
205 717 383 801 mediisque
408 719 463 782 siti
487 725 563 783 sunt
588 721 716 786 sedibus
741 744 860 810 omnes,

62 813 172 876 omnis
195 812 300 878 Roma
324 815 419 880 decus
442 817 552 901 magni
575 840 656 900 quos
680 821 815 903 suspicit
838 821 934 885 orbis.
1030 839 1080 888 300

60 910 118 974 hic
142 908 234 974 Fabii
258 909 423 998 Deciique,
446 913 499 977 hic
522 917 571 977 est
594 917 627 978 et
649 914 787 980 Horatia
809 918 922 1003 virtus,

58 1009 118 1072 hic
142 1009 282 1072 etfama
304 1013 397 1074 vetus
419 1031 595 1094 numquam
617 1013 775 1076 moritura
798 1010 937 1099 Camilli,

60 1105 199 1170 Curtius
223 1109 255 1169 et
277 1105 390 1170 mediis
415 1128 509 1189 quem
532 1108 693 1190 quondam
717 1108 846 1172 sedibus
869 1111 959 1174 urbis

60 1203 220 1266 devotum
243 1201 338 1266 bellis
361 1205 561 1287 consumpsit
584 1225 702 1289 gurges
725 1205 761 1268 in
782 1206 876 1292 unda,

60 1299 196 1363 Mucius
221 1304 253 1362 et
276 1300 415 1382 prudens
439 1301 585 1366 ardorem
608 1323 740 1384 corpore
763 1323 887 1387 passus,
1028 1320 1079 1369 300

59 1397 116 1461 cui
141 1395 238 1459 cessit
261 1395 343 1478 Lydi
367 1383 532 1462 timefacta
554 1398 701 1482 potentia
723 1399 823 1483 regis3

58 1494 117 1557 hic
141 1490 259 1557 Curius
283 1493 386 1556 clarae
411 1495 516 1560 socius
540 1496 671 1560 virtutis
695 1499 728 1559 et
750 1496 805 1560 ille

58 1589 253 1675 Flaminius,
276 1590 391 1655 devota
414 1591 501 1656 dedit
524 1594 580 1676 qui
603 1614 738 1676 corpora
760 1592 908 1658 fiammae

59 1687 149 1775 (iure
173 1687 275 1771 igitur
298 1687 379 1750 tales
404 1688 493 1752 sedes
516 1690 648 1772 pietatis
671 1688 840 1777 honores);

60 1784 295 1868 Scipiadaeque
319 1785 424 1870 duces,
447 1807 584 1869 quorum
608 1786 722 1850 devota
745 1787 919 1870 triumphis
1027 1805 1079 1854 310

58 1880 192 1946 moenia
214 1880 336 1964 rapinis
359 1881 499 1964 Libycae
520 1880 732 1967 Karthaginis
755 1883 896 1949 horrent.

57 1980 112 2044 illi
135 1975 229 2042 laude
253 1999 311 2041 sua
333 1978 480 2063 vigeant:
504 1999 564 2063 ego
583 1977 671 2044 Ditis
696 2001 811 2063 opacos

58 2096 164 2160 cogor
187 2073 272 2138 adire
295 2073 392 2158 lacus,
415 2074 540 2160 viduos,
563 2099 590 2162 a,
612 2076 733 2140 lumine
756 2076 888 2164 Phoebi,

58 2178 94 2237 et
119 2174 248 2234 vastum
270 2169 508 2255 Phlegethonta
531 2171 609 2256 pati,
632 2195 706 2258 quo,
728 2175 865 2238 maxime
889 2174 1006 2262 Minos,

58 2267 280 2334 conscelerata
302 2267 356 2350 pia
379 2267 534 2331 discernis
557 2269 685 2333 vincula
709 2271 788 2334 sede.
1026 2287 1077 2337 375

58 2387 142 2450 ergo
166 2365 231 2428 iam
253 2385 382 2428 causam
406 2366 531 2451 mortis,
553 2365 618 2429 iam
641 2367 743 2432 dicere
765 2370 851 2433 vitae

56 2461 251 2529 verberibus
276 2481 387 2525 saevae
411 2466 530 2547 cogunt
554 2463 615 2526 sub
639 2464 742 2528 iudice
764 2464 898 2551 Poenae,

58 2582 136 2625 cum
159 2557 239 2621 mihi
262 2561 299 2621 tu
323 2559 367 2622 sis
391 2579 486 2622 causa
508 2559 585 2623 mali
606 2581 665 2624 nec
688 2564 834 2626 conscius
858 2563 952 2626 adsis.

59 2658 120 2722 sed
143 2654 370 2719 tolerabilibus
395 2655 480 2720 curis
503 2655 582 2719 haec
605 2657 773 2722 immemor
796 2659 897 2746 audis,

58 2760 94 2818 et
119 2773 213 2816 mane
236 2756 274 2815 ut
297 2753 394 2816 uades
418 2752 561 2816 dimittes
585 2753 710 2818 somnia
732 2756 845 2819 ventis.
1026 2772 1077 2821 300

58 2850 228 2934 digredior
250 2871 427 2934 numquam
450 2850 618 2914 rediturus.
651 2855 688 2915 tu
712 2851 780 2916 cole
802 2853 903 2916 fontis

58 2953 94 3012 et
118 2946 230 3010 viridis
254 2968 421 3010 nemorum
444 2946 541 3010 silvas
565 2952 597 3011 et
620 2971 739 3030 pascua
761 2950 874 3035 laetus,

58 3049 112 3109 set
135 3065 207 3107 mea
230 3043 362 3107 diffusas
385 3044 555 3127 rapiuntur
579 3044 663 3108 dicta
685 3067 742 3129 per
765 3047 879 3110 auras?

58 3141 146 3206 dixit
169 3144 201 3204 et
225 3144 366 3204 extrema
389 3141 494 3205 tristis
519 3162 590 3204 cum
613 3163 691 3205 voce
713 3144 852 3207 recessit.

105 3231 202 3302 Hunc
225 3237 281 3300 ubi
305 3237 479 3302 sollicitum
502 3238 624 3302 dimisit
647 3239 763 3302 inertia
786 3240 880 3327 vitae,
1022 3258 1074 3307 300

57 3335 199 3400 interius
222 3335 363 3419 graviter
386 3339 601 3420 regementem
624 3332 697 3420 (nec
719 3337 797 3400 tulit
819 3338 906 3402 ultra

59 3432 210 3498 sensibus
233 3431 376 3496 infusum
399 3433 509 3497 culicis
533 3433 571 3496 dc
593 3438 697 3497 morte
721 3433 891 3520 dolorem):

59 3533 354 3615 quantumcumque
379 3529 441 3592 sibi
465 3529 549 3592 11101
572 3530 714 3594 tribuere
738 3532 854 3595 seniles
