<?xml version="1.0" encoding="UTF-8"?>
<!DOCTYPE html PUBLIC "-//W3C//DTD XHTML 1.0 Transitional//EN"
    "http://www.w3.org/TR/xhtml1/DTD/xhtml1-transitional.dtd">
<html xmlns="http://www.w3.org/1999/xhtml" xml:lang="en" lang="en">
 <head>
  <title>
</title>
<meta http-equiv="Content-Type" content="text/html;charset=utf-8" />
  <meta name='ocr-system' content='tesseract 3.04.00' />
  <meta name='ocr-capabilities' content='ocr_page ocr_carea ocr_par ocr_line ocrx_word'/>
</head>
<body>
  <div class='ocr_page' id='page_1' title='image "./pvergilimaronis11virggoog/pvergilimaronis11virggoog_0272.png"; bbox 0 0 2576 3970; ppageno 0'>
   <div class='ocr_carea' id='block_1_1' title="bbox 416 246 1090 310">
    <p class='ocr_par' dir='ltr' id='par_1_1' title="bbox 416 246 1090 310">
     <span class='ocr_line' id='line_1_1' title="bbox 416 246 1090 310; baseline 0.015 -10"><span class='ocrx_word' id='word_1_1' title='bbox 416 247 566 302; x_wconf 81' lang='lat' dir='ltr'><strong>VERGILI</strong></span> <span class='ocrx_word' id='word_1_2' title='bbox 585 247 716 304; x_wconf 78' lang='lat' dir='ltr'>AENEIS</span> <span class='ocrx_word' id='word_1_3' title='bbox 735 247 761 301; x_wconf 88' lang='lat' dir='ltr'><strong>V</strong></span> <span class='ocrx_word' id='word_1_4' title='bbox 1026 246 1090 310; x_wconf 77' lang='lat'>219</span> 
     </span>
    </p>
   </div>
   <div class='ocr_carea' id='block_1_2' title="bbox 73 407 1089 3568">
    <p class='ocr_par' dir='ltr' id='par_1_2' title="bbox 73 407 826 495">
     <span class='ocr_line' id='line_1_2' title="bbox 73 407 826 495; baseline 0.001 -24"><span class='ocrx_word' id='word_1_5' title='bbox 73 407 217 493; x_wconf 80' lang='lat' dir='ltr'>insonti3</span> <span class='ocrx_word' id='word_1_6' title='bbox 238 409 404 492; x_wconf 84' lang='lat' dir='ltr'>puppique</span> <span class='ocrx_word' id='word_1_7' title='bbox 426 409 503 473; x_wconf 89' lang='lat' dir='ltr'>deus</span> <span class='ocrx_word' id='word_1_8' title='bbox 527 409 670 473; x_wconf 74' lang='lat' dir='ltr'>consedit</span> <span class='ocrx_word' id='word_1_9' title='bbox 693 409 728 472; x_wconf 94' lang='lat' dir='ltr'>in</span> <span class='ocrx_word' id='word_1_10' title='bbox 751 409 826 495; x_wconf 82' lang='lat' dir='ltr'>alta,</span> 
     </span>
    </p>

    <p class='ocr_par' dir='ltr' id='par_1_3' title="bbox 73 503 952 784">
     <span class='ocr_line' id='line_1_3' title="bbox 73 503 952 591; baseline 0.003 -23"><span class='ocrx_word' id='word_1_11' title='bbox 73 503 259 568; x_wconf 78' lang='lat' dir='ltr'>Phorbanti</span> <span class='ocrx_word' id='word_1_12' title='bbox 283 505 408 591; x_wconf 83' lang='lat' dir='ltr'>similis,</span> <span class='ocrx_word' id='word_1_13' title='bbox 429 505 599 589; x_wconf 80' lang='lat' dir='ltr'>fimditque</span> <span class='ocrx_word' id='word_1_14' title='bbox 621 505 680 569; x_wconf 90' lang='lat' dir='ltr'>has</span> <span class='ocrx_word' id='word_1_15' title='bbox 704 527 758 569; x_wconf 91' lang='lat' dir='ltr'>ore</span> <span class='ocrx_word' id='word_1_16' title='bbox 781 505 952 590; x_wconf 76' lang='lat' dir='ltr'>loquellas:</span> 
     </span>
     <span class='ocr_line' id='line_1_4' title="bbox 75 601 933 688; baseline 0.005 -24"><span class='ocrx_word' id='word_1_17' title='bbox 75 601 196 666; x_wconf 73' lang='lat' dir='ltr'>‘Iaside</span> <span class='ocrx_word' id='word_1_18' title='bbox 218 601 378 688; x_wconf 79' lang='lat' dir='ltr'>Palinure,</span> <span class='ocrx_word' id='word_1_19' title='bbox 399 603 507 666; x_wconf 84' lang='lat' dir='ltr'>ferunt</span> <span class='ocrx_word' id='word_1_20' title='bbox 530 603 601 685; x_wconf 91' lang='lat' dir='ltr'>ipsa</span> <span class='ocrx_word' id='word_1_21' title='bbox 624 623 763 685; x_wconf 90' lang='lat' dir='ltr'>aequora</span> <span class='ocrx_word' id='word_1_22' title='bbox 785 603 933 688; x_wconf 82' lang='lat' dir='ltr'>classem3</span> 
     </span>
     <span class='ocr_line' id='line_1_5' title="bbox 75 698 869 784; baseline 0.003 -22"><span class='ocrx_word' id='word_1_23' title='bbox 75 703 235 782; x_wconf 80' lang='lat' dir='ltr'>aequatae</span> <span class='ocrx_word' id='word_1_24' title='bbox 259 699 384 782; x_wconf 87' lang='lat' dir='ltr'>spirant</span> <span class='ocrx_word' id='word_1_25' title='bbox 407 721 516 784; x_wconf 76' lang='lat' dir='ltr'>aurae3</span> <span class='ocrx_word' id='word_1_26' title='bbox 539 699 634 763; x_wconf 86' lang='lat' dir='ltr'>datur</span> <span class='ocrx_word' id='word_1_27' title='bbox 656 698 736 762; x_wconf 88' lang='lat' dir='ltr'>hora</span> <span class='ocrx_word' id='word_1_28' title='bbox 760 700 869 783; x_wconf 87' lang='lat' dir='ltr'>quieti.</span> 
     </span>
    </p>

    <p class='ocr_par' dir='ltr' id='par_1_4' title="bbox 74 795 1089 978">
     <span class='ocr_line' id='line_1_6' title="bbox 74 795 1089 879; baseline 0.001 -20"><span class='ocrx_word' id='word_1_29' title='bbox 74 818 162 878; x_wconf 92' lang='lat' dir='ltr'>pone</span> <span class='ocrx_word' id='word_1_30' title='bbox 185 799 282 878; x_wconf 85' lang='lat' dir='ltr'>eaput</span> <span class='ocrx_word' id='word_1_31' title='bbox 305 795 471 879; x_wconf 72' lang='lat' dir='ltr'>fessosque</span> <span class='ocrx_word' id='word_1_32' title='bbox 496 795 605 859; x_wconf 92' lang='lat' dir='ltr'>oculos</span> <span class='ocrx_word' id='word_1_33' title='bbox 627 796 734 860; x_wconf 83' lang='lat' dir='ltr'>furare</span> <span class='ocrx_word' id='word_1_34' title='bbox 757 796 869 860; x_wconf 91' lang='lat' dir='ltr'>labori.</span> <span class='ocrx_word' id='word_1_35' title='bbox 1037 813 1089 861; x_wconf 76' lang='lat'>845</span> 
     </span>
     <span class='ocr_line' id='line_1_7' title="bbox 75 894 922 978; baseline 0.001 -22"><span class='ocrx_word' id='word_1_36' title='bbox 75 895 148 977; x_wconf 91' lang='lat' dir='ltr'>ipse</span> <span class='ocrx_word' id='word_1_37' title='bbox 171 915 232 978; x_wconf 85' lang='lat' dir='ltr'>ego</span> <span class='ocrx_word' id='word_1_38' title='bbox 255 894 419 977; x_wconf 86' lang='lat' dir='ltr'>paulisper</span> <span class='ocrx_word' id='word_1_39' title='bbox 441 915 500 977; x_wconf 91' lang='lat' dir='ltr'>pro</span> <span class='ocrx_word' id='word_1_40' title='bbox 523 897 556 958; x_wconf 91' lang='lat' dir='ltr'>te</span> <span class='ocrx_word' id='word_1_41' title='bbox 577 896 635 956; x_wconf 90' lang='lat' dir='ltr'>tua</span> <span class='ocrx_word' id='word_1_42' title='bbox 657 915 790 957; x_wconf 91' lang='lat' dir='ltr'>munera</span> <span class='ocrx_word' id='word_1_43' title='bbox 812 894 922 958; x_wconf 84' lang='lat' dir='ltr'>inibo’</span> 
     </span>
    </p>

    <p class='ocr_par' dir='ltr' id='par_1_5' title="bbox 75 989 833 1055">
     <span class='ocr_line' id='line_1_8' title="bbox 75 989 833 1055; baseline 0 -1"><span class='ocrx_word' id='word_1_44' title='bbox 75 992 130 1055; x_wconf 92' lang='lat' dir='ltr'>cui</span> <span class='ocrx_word' id='word_1_45' title='bbox 153 991 209 1054; x_wconf 84' lang='lat' dir='ltr'>vix</span> <span class='ocrx_word' id='word_1_46' title='bbox 232 991 385 1054; x_wconf 86' lang='lat' dir='ltr'>attollens</span> <span class='ocrx_word' id='word_1_47' title='bbox 408 989 578 1055; x_wconf 90' lang='lat' dir='ltr'>Palinurus</span> <span class='ocrx_word' id='word_1_48' title='bbox 601 989 724 1053; x_wconf 89' lang='lat' dir='ltr'>lumina</span> <span class='ocrx_word' id='word_1_49' title='bbox 746 991 833 1054; x_wconf 87' lang='lat' dir='ltr'>fatur</span> 
     </span>
    </p>

    <p class='ocr_par' dir='ltr' id='par_1_6' title="bbox 75 1086 1088 1462">
     <span class='ocr_line' id='line_1_9' title="bbox 77 1086 925 1170; baseline 0.001 -20"><span class='ocrx_word' id='word_1_50' title='bbox 77 1087 183 1150; x_wconf 84' lang='lat' dir='ltr'>‘mene</span> <span class='ocrx_word' id='word_1_51' title='bbox 206 1087 283 1152; x_wconf 86' lang='lat' dir='ltr'>salis</span> <span class='ocrx_word' id='word_1_52' title='bbox 307 1087 424 1170; x_wconf 90' lang='lat' dir='ltr'>placidi</span> <span class='ocrx_word' id='word_1_53' title='bbox 446 1087 572 1151; x_wconf 85' lang='lat' dir='ltr'>voltum</span> <span class='ocrx_word' id='word_1_54' title='bbox 594 1086 776 1170; x_wconf 85' lang='lat' dir='ltr'>fluctusque</span> <span class='ocrx_word' id='word_1_55' title='bbox 799 1087 925 1170; x_wconf 89' lang='lat' dir='ltr'>quietos</span> 
     </span>
     <span class='ocr_line' id='line_1_10' title="bbox 76 1183 948 1269; baseline 0 -23"><span class='ocrx_word' id='word_1_56' title='bbox 76 1185 229 1269; x_wconf 84' lang='lat' dir='ltr'>ignorare</span> <span class='ocrx_word' id='word_1_57' title='bbox 252 1183 366 1247; x_wconf 83' lang='lat' dir='ltr'>iubes?</span> <span class='ocrx_word' id='word_1_58' title='bbox 388 1205 481 1248; x_wconf 90' lang='lat' dir='ltr'>mene</span> <span class='ocrx_word' id='word_1_59' title='bbox 502 1183 578 1248; x_wconf 91' lang='lat' dir='ltr'>huic</span> <span class='ocrx_word' id='word_1_60' title='bbox 600 1183 757 1248; x_wconf 84' lang='lat' dir='ltr'>confidere</span> <span class='ocrx_word' id='word_1_61' title='bbox 779 1183 948 1247; x_wconf 81' lang='lat' dir='ltr'>monstro?</span> 
     </span>
     <span class='ocr_line' id='line_1_11' title="bbox 75 1277 1088 1368; baseline -0.001 -24"><span class='ocrx_word' id='word_1_62' title='bbox 75 1281 211 1346; x_wconf 86' lang='lat' dir='ltr'>Aenean</span> <span class='ocrx_word' id='word_1_63' title='bbox 232 1282 359 1347; x_wconf 84' lang='lat' dir='ltr'>credam</span> <span class='ocrx_word' id='word_1_64' title='bbox 381 1279 474 1368; x_wconf 90' lang='lat' dir='ltr'>(quid</span> <span class='ocrx_word' id='word_1_65' title='bbox 496 1277 618 1367; x_wconf 72' lang='lat' dir='ltr'>eniml)</span> <span class='ocrx_word' id='word_1_66' title='bbox 640 1280 809 1344; x_wconf 84' lang='lat' dir='ltr'>fallacibus</span> <span class='ocrx_word' id='word_1_67' title='bbox 834 1280 920 1344; x_wconf 87' lang='lat' dir='ltr'>auris</span> <span class='ocrx_word' id='word_1_68' title='bbox 1036 1295 1088 1345; x_wconf 79' lang='lat'>850</span> 
     </span>
     <span class='ocr_line' id='line_1_12' title="bbox 76 1377 835 1462; baseline -0.001 -21"><span class='ocrx_word' id='word_1_69' title='bbox 76 1383 109 1441; x_wconf 91' lang='lat' dir='ltr'>et</span> <span class='ocrx_word' id='word_1_70' title='bbox 134 1377 233 1462; x_wconf 81' lang='lat' dir='ltr'>caelo,</span> <span class='ocrx_word' id='word_1_71' title='bbox 254 1377 375 1441; x_wconf 87' lang='lat' dir='ltr'>totiens</span> <span class='ocrx_word' id='word_1_72' title='bbox 400 1377 549 1460; x_wconf 88' lang='lat' dir='ltr'>deceptus</span> <span class='ocrx_word' id='word_1_73' title='bbox 572 1377 683 1441; x_wconf 85' lang='lat' dir='ltr'>fraude</span> <span class='ocrx_word' id='word_1_74' title='bbox 707 1377 835 1441; x_wconf 80' lang='lat' dir='ltr'>serenil’</span> 
     </span>
    </p>

    <p class='ocr_par' dir='ltr' id='par_1_7' title="bbox 74 1474 982 1656">
     <span class='ocr_line' id='line_1_13' title="bbox 76 1474 964 1559; baseline 0 -21"><span class='ocrx_word' id='word_1_75' title='bbox 76 1477 157 1539; x_wconf 87' lang='lat' dir='ltr'>talia</span> <span class='ocrx_word' id='word_1_76' title='bbox 181 1474 266 1538; x_wconf 88' lang='lat' dir='ltr'>dicta</span> <span class='ocrx_word' id='word_1_77' title='bbox 289 1474 396 1559; x_wconf 88' lang='lat' dir='ltr'>dabat,</span> <span class='ocrx_word' id='word_1_78' title='bbox 419 1474 605 1558; x_wconf 88' lang='lat' dir='ltr'>clavumque</span> <span class='ocrx_word' id='word_1_79' title='bbox 628 1474 751 1538; x_wconf 84' lang='lat' dir='ltr'>adfixus</span> <span class='ocrx_word' id='word_1_80' title='bbox 775 1479 808 1538; x_wconf 88' lang='lat' dir='ltr'>et</span> <span class='ocrx_word' id='word_1_81' title='bbox 829 1474 964 1538; x_wconf 84' lang='lat' dir='ltr'>haerens</span> 
     </span>
     <span class='ocr_line' id='line_1_14' title="bbox 74 1571 982 1656; baseline -0.002 -20"><span class='ocrx_word' id='word_1_82' title='bbox 74 1593 239 1656; x_wconf 89' lang='lat' dir='ltr'>nusquam</span> <span class='ocrx_word' id='word_1_83' title='bbox 262 1571 432 1634; x_wconf 87' lang='lat' dir='ltr'>amittebat</span> <span class='ocrx_word' id='word_1_84' title='bbox 454 1571 628 1655; x_wconf 89' lang='lat' dir='ltr'>oculosque</span> <span class='ocrx_word' id='word_1_85' title='bbox 650 1571 710 1635; x_wconf 90' lang='lat' dir='ltr'>sub</span> <span class='ocrx_word' id='word_1_86' title='bbox 734 1575 822 1634; x_wconf 87' lang='lat' dir='ltr'>astra</span> <span class='ocrx_word' id='word_1_87' title='bbox 844 1571 982 1635; x_wconf 86' lang='lat' dir='ltr'>tenebat.</span> 
     </span>
    </p>

    <p class='ocr_par' dir='ltr' id='par_1_8' title="bbox 74 1665 861 1733">
     <span class='ocr_line' id='line_1_15' title="bbox 74 1665 861 1733; baseline 0.001 -1"><span class='ocrx_word' id='word_1_88' title='bbox 74 1690 148 1733; x_wconf 87' lang='lat' dir='ltr'>eece</span> <span class='ocrx_word' id='word_1_89' title='bbox 172 1668 250 1731; x_wconf 91' lang='lat' dir='ltr'>deus</span> <span class='ocrx_word' id='word_1_90' title='bbox 273 1689 399 1730; x_wconf 91' lang='lat' dir='ltr'>ramum</span> <span class='ocrx_word' id='word_1_91' title='bbox 422 1665 562 1731; x_wconf 88' lang='lat' dir='ltr'>Lethaeo</span> <span class='ocrx_word' id='word_1_92' title='bbox 586 1689 658 1732; x_wconf 90' lang='lat' dir='ltr'>rore</span> <span class='ocrx_word' id='word_1_93' title='bbox 680 1668 861 1733; x_wconf 87' lang='lat' dir='ltr'>madentem</span> 
     </span>
    </p>

    <p class='ocr_par' dir='ltr' id='par_1_9' title="bbox 75 1762 1087 1947">
     <span class='ocr_line' id='line_1_16' title="bbox 75 1762 1087 1849; baseline 0.002 -19"><span class='ocrx_word' id='word_1_94' title='bbox 75 1767 174 1849; x_wconf 87' lang='lat' dir='ltr'>vique</span> <span class='ocrx_word' id='word_1_95' title='bbox 197 1768 385 1848; x_wconf 89' lang='lat' dir='ltr'>soporatum</span> <span class='ocrx_word' id='word_1_96' title='bbox 409 1762 523 1849; x_wconf 82' lang='lat' dir='ltr'>Stygia</span> <span class='ocrx_word' id='word_1_97' title='bbox 546 1787 641 1848; x_wconf 90' lang='lat' dir='ltr'>super</span> <span class='ocrx_word' id='word_1_98' title='bbox 663 1769 801 1848; x_wconf 89' lang='lat' dir='ltr'>utraque</span> <span class='ocrx_word' id='word_1_99' title='bbox 823 1769 955 1849; x_wconf 83' lang='lat' dir='ltr'>quassat</span> <span class='ocrx_word' id='word_1_100' title='bbox 1036 1783 1087 1832; x_wconf 76' lang='lat'>856</span> 
     </span>
     <span class='ocr_line' id='line_1_17' title="bbox 75 1861 923 1947; baseline 0 -21"><span class='ocrx_word' id='word_1_101' title='bbox 75 1867 234 1947; x_wconf 84' lang='lat' dir='ltr'>tempora,</span> <span class='ocrx_word' id='word_1_102' title='bbox 256 1861 483 1944; x_wconf 79' lang='lat' dir='ltr'>cunctantique</span> <span class='ocrx_word' id='word_1_103' title='bbox 504 1863 651 1926; x_wconf 88' lang='lat' dir='ltr'>natantia</span> <span class='ocrx_word' id='word_1_104' title='bbox 672 1862 795 1925; x_wconf 88' lang='lat' dir='ltr'>lumina</span> <span class='ocrx_word' id='word_1_105' title='bbox 817 1862 923 1926; x_wconf 80' lang='lat' dir='ltr'>solvit.</span> 
     </span>
    </p>

    <p class='ocr_par' dir='ltr' id='par_1_10' title="bbox 76 1957 856 2044">
     <span class='ocr_line' id='line_1_18' title="bbox 76 1957 856 2044; baseline -0.001 -22"><span class='ocrx_word' id='word_1_106' title='bbox 76 1961 132 2022; x_wconf 88' lang='lat' dir='ltr'>vix</span> <span class='ocrx_word' id='word_1_107' title='bbox 155 1959 278 2042; x_wconf 89' lang='lat' dir='ltr'>primos</span> <span class='ocrx_word' id='word_1_108' title='bbox 300 1957 433 2040; x_wconf 86' lang='lat' dir='ltr'>inopina</span> <span class='ocrx_word' id='word_1_109' title='bbox 456 1958 547 2041; x_wconf 89' lang='lat' dir='ltr'>quies</span> <span class='ocrx_word' id='word_1_110' title='bbox 570 1959 733 2022; x_wconf 84' lang='lat' dir='ltr'>laxaverat</span> <span class='ocrx_word' id='word_1_111' title='bbox 757 1961 856 2044; x_wconf 79' lang='lat' dir='ltr'>artus,</span> 
     </span>
    </p>

    <p class='ocr_par' dir='ltr' id='par_1_11' title="bbox 75 2054 1087 2429">
     <span class='ocr_line' id='line_1_19' title="bbox 75 2054 940 2138; baseline -0.002 -18"><span class='ocrx_word' id='word_1_112' title='bbox 75 2061 111 2120; x_wconf 87' lang='lat' dir='ltr'>et</span> <span class='ocrx_word' id='word_1_113' title='bbox 134 2054 442 2138; x_wconf 87' lang='lat' dir='ltr'>superincumbens</span> <span class='ocrx_word' id='word_1_114' title='bbox 465 2077 537 2118; x_wconf 90' lang='lat' dir='ltr'>cum</span> <span class='ocrx_word' id='word_1_115' title='bbox 560 2055 678 2138; x_wconf 89' lang='lat' dir='ltr'>puppis</span> <span class='ocrx_word' id='word_1_116' title='bbox 701 2059 792 2137; x_wconf 88' lang='lat' dir='ltr'>parte</span> <span class='ocrx_word' id='word_1_117' title='bbox 815 2054 940 2118; x_wconf 86' lang='lat' dir='ltr'>revolsa</span> 
     </span>
     <span class='ocr_line' id='line_1_20' title="bbox 75 2150 928 2236; baseline -0.004 -19"><span class='ocrx_word' id='word_1_118' title='bbox 75 2173 215 2236; x_wconf 90' lang='lat' dir='ltr'>cumque</span> <span class='ocrx_word' id='word_1_119' title='bbox 237 2150 431 2235; x_wconf 86' lang='lat' dir='ltr'>gubernaclo</span> <span class='ocrx_word' id='word_1_120' title='bbox 454 2151 593 2234; x_wconf 87' lang='lat' dir='ltr'>liquidas</span> <span class='ocrx_word' id='word_1_121' title='bbox 612 2152 747 2235; x_wconf 90' lang='lat' dir='ltr'>proiecit</span> <span class='ocrx_word' id='word_1_122' title='bbox 770 2152 805 2214; x_wconf 93' lang='lat' dir='ltr'>in</span> <span class='ocrx_word' id='word_1_123' title='bbox 825 2151 928 2215; x_wconf 89' lang='lat' dir='ltr'>undas</span> 
     </span>
     <span class='ocr_line' id='line_1_21' title="bbox 76 2247 1087 2333; baseline 0 -21"><span class='ocrx_word' id='word_1_124' title='bbox 76 2247 287 2333; x_wconf 87' lang='lat' dir='ltr'>praecipitem</span> <span class='ocrx_word' id='word_1_125' title='bbox 309 2269 346 2312; x_wconf 86' lang='lat' dir='ltr'>ac</span> <span class='ocrx_word' id='word_1_126' title='bbox 368 2247 472 2311; x_wconf 89' lang='lat' dir='ltr'>socios</span> <span class='ocrx_word' id='word_1_127' title='bbox 494 2249 690 2332; x_wconf 89' lang='lat' dir='ltr'>nequiquam</span> <span class='ocrx_word' id='word_1_128' title='bbox 713 2269 806 2330; x_wconf 88' lang='lat' dir='ltr'>saepe</span> <span class='ocrx_word' id='word_1_129' title='bbox 828 2252 1009 2332; x_wconf 82' lang='lat' dir='ltr'>vocantem3</span> <span class='ocrx_word' id='word_1_130' title='bbox 1035 2264 1087 2312; x_wconf 80' lang='lat' dir='ltr'>sco</span> 
     </span>
     <span class='ocr_line' id='line_1_22' title="bbox 75 2344 905 2429; baseline -0.001 -19"><span class='ocrx_word' id='word_1_131' title='bbox 75 2347 147 2429; x_wconf 90' lang='lat' dir='ltr'>ipse</span> <span class='ocrx_word' id='word_1_132' title='bbox 170 2344 284 2408; x_wconf 80' lang='lat' dir='ltr'>volans</span> <span class='ocrx_word' id='word_1_133' title='bbox 305 2345 413 2408; x_wconf 84' lang='lat' dir='ltr'>tenuis</span> <span class='ocrx_word' id='word_1_134' title='bbox 438 2365 472 2408; x_wconf 89' lang='lat' dir='ltr'>se</span> <span class='ocrx_word' id='word_1_135' title='bbox 495 2345 628 2408; x_wconf 87' lang='lat' dir='ltr'>sustulit</span> <span class='ocrx_word' id='word_1_136' title='bbox 652 2346 716 2409; x_wconf 87' lang='lat' dir='ltr'>ales</span> <span class='ocrx_word' id='word_1_137' title='bbox 740 2345 780 2408; x_wconf 88' lang='lat' dir='ltr'>ad</span> <span class='ocrx_word' id='word_1_138' title='bbox 803 2367 905 2409; x_wconf 88' lang='lat' dir='ltr'>auras.</span> 
     </span>
    </p>

    <p class='ocr_par' dir='ltr' id='par_1_12' title="bbox 76 2441 907 2623">
     <span class='ocr_line' id='line_1_23' title="bbox 76 2441 902 2524; baseline -0.004 -17"><span class='ocrx_word' id='word_1_139' title='bbox 76 2442 180 2507; x_wconf 85' lang='lat' dir='ltr'>currit</span> <span class='ocrx_word' id='word_1_140' title='bbox 201 2441 265 2504; x_wconf 89' lang='lat' dir='ltr'>iter</span> <span class='ocrx_word' id='word_1_141' title='bbox 287 2445 396 2504; x_wconf 89' lang='lat' dir='ltr'>tutum</span> <span class='ocrx_word' id='word_1_142' title='bbox 417 2463 485 2505; x_wconf 90' lang='lat' dir='ltr'>non</span> <span class='ocrx_word' id='word_1_143' title='bbox 507 2442 607 2506; x_wconf 88' lang='lat' dir='ltr'>setius</span> <span class='ocrx_word' id='word_1_144' title='bbox 631 2462 768 2524; x_wconf 85' lang='lat' dir='ltr'>aequore</span> <span class='ocrx_word' id='word_1_145' title='bbox 790 2441 902 2504; x_wconf 89' lang='lat' dir='ltr'>classis</span> 
     </span>
     <span class='ocr_line' id='line_1_24' title="bbox 77 2535 907 2623; baseline -0.005 -20"><span class='ocrx_word' id='word_1_146' title='bbox 77 2537 311 2623; x_wconf 91' lang='lat' dir='ltr'>promissisque</span> <span class='ocrx_word' id='word_1_147' title='bbox 333 2538 435 2620; x_wconf 86' lang='lat' dir='ltr'>patris</span> <span class='ocrx_word' id='word_1_148' title='bbox 459 2535 604 2620; x_wconf 90' lang='lat' dir='ltr'>Neptuni</span> <span class='ocrx_word' id='word_1_149' title='bbox 626 2538 775 2602; x_wconf 87' lang='lat' dir='ltr'>interrita</span> <span class='ocrx_word' id='word_1_150' title='bbox 797 2537 907 2601; x_wconf 85' lang='lat' dir='ltr'>fertur.</span> 
     </span>
    </p>

    <p class='ocr_par' dir='ltr' id='par_1_13' title="bbox 75 2631 1087 2914">
     <span class='ocr_line' id='line_1_25' title="bbox 76 2631 960 2716; baseline 0 -20"><span class='ocrx_word' id='word_1_151' title='bbox 76 2634 207 2716; x_wconf 88' lang='lat' dir='ltr'>iamque</span> <span class='ocrx_word' id='word_1_152' title='bbox 229 2631 307 2695; x_wconf 88' lang='lat' dir='ltr'>adeo</span> <span class='ocrx_word' id='word_1_153' title='bbox 331 2633 480 2716; x_wconf 85' lang='lat' dir='ltr'>scopulos</span> <span class='ocrx_word' id='word_1_154' title='bbox 505 2631 653 2698; x_wconf 84' lang='lat' dir='ltr'>Sirenum</span> <span class='ocrx_word' id='word_1_155' title='bbox 676 2634 807 2698; x_wconf 82' lang='lat' dir='ltr'>advecta</span> <span class='ocrx_word' id='word_1_156' title='bbox 829 2633 960 2697; x_wconf 89' lang='lat' dir='ltr'>subibat</span> 
     </span>
     <span class='ocr_line' id='line_1_26' title="bbox 75 2729 1087 2816; baseline 0.005 -24"><span class='ocrx_word' id='word_1_157' title='bbox 75 2729 220 2793; x_wconf 87' lang='lat' dir='ltr'>difficilis</span> <span class='ocrx_word' id='word_1_158' title='bbox 244 2729 405 2812; x_wconf 89' lang='lat' dir='ltr'>quondam</span> <span class='ocrx_word' id='word_1_159' title='bbox 426 2731 668 2816; x_wconf 90' lang='lat' dir='ltr'>multorumque</span> <span class='ocrx_word' id='word_1_160' title='bbox 691 2731 818 2795; x_wconf 91' lang='lat' dir='ltr'>ossibus</span> <span class='ocrx_word' id='word_1_161' title='bbox 842 2731 933 2796; x_wconf 88' lang='lat' dir='ltr'>albos</span> <span class='ocrx_word' id='word_1_162' title='bbox 1037 2748 1087 2797; x_wconf 81' lang='lat'>865</span> 
     </span>
     <span class='ocr_line' id='line_1_27' title="bbox 75 2826 953 2914; baseline 0.003 -25"><span class='ocrx_word' id='word_1_163' title='bbox 75 2826 165 2913; x_wconf 77' lang='lat' dir='ltr'>(tum</span> <span class='ocrx_word' id='word_1_164' title='bbox 187 2847 284 2890; x_wconf 87' lang='lat' dir='ltr'>rauce</span> <span class='ocrx_word' id='word_1_165' title='bbox 306 2827 438 2891; x_wconf 84' lang='lat' dir='ltr'>adsiduo</span> <span class='ocrx_word' id='word_1_166' title='bbox 462 2829 558 2912; x_wconf 84' lang='lat' dir='ltr'>longe</span> <span class='ocrx_word' id='word_1_167' title='bbox 581 2828 647 2891; x_wconf 89' lang='lat' dir='ltr'>sale</span> <span class='ocrx_word' id='word_1_168' title='bbox 670 2850 747 2891; x_wconf 84' lang='lat' dir='ltr'>saxa</span> <span class='ocrx_word' id='word_1_169' title='bbox 770 2827 953 2914; x_wconf 84' lang='lat' dir='ltr'>sonabant),</span> 
     </span>
    </p>

    <p class='ocr_par' dir='ltr' id='par_1_14' title="bbox 75 2922 920 3010">
     <span class='ocr_line' id='line_1_28' title="bbox 75 2922 920 3010; baseline 0 -22"><span class='ocrx_word' id='word_1_170' title='bbox 75 2946 150 2988; x_wconf 90' lang='lat' dir='ltr'>cum</span> <span class='ocrx_word' id='word_1_171' title='bbox 173 2927 266 3006; x_wconf 89' lang='lat' dir='ltr'>pater</span> <span class='ocrx_word' id='word_1_172' title='bbox 289 2924 407 2986; x_wconf 89' lang='lat' dir='ltr'>amisso</span> <span class='ocrx_word' id='word_1_173' title='bbox 430 2922 613 2988; x_wconf 87' lang='lat' dir='ltr'>fluitantem</span> <span class='ocrx_word' id='word_1_174' title='bbox 635 2947 741 2989; x_wconf 87' lang='lat' dir='ltr'>errare</span> <span class='ocrx_word' id='word_1_175' title='bbox 763 2925 920 3010; x_wconf 85' lang='lat' dir='ltr'>magistro</span> 
     </span>
    </p>

    <p class='ocr_par' dir='ltr' id='par_1_15' title="bbox 76 3020 943 3105">
     <span class='ocr_line' id='line_1_29' title="bbox 76 3020 943 3105; baseline -0.002 -21"><span class='ocrx_word' id='word_1_176' title='bbox 76 3021 189 3105; x_wconf 84' lang='lat' dir='ltr'>sensit,</span> <span class='ocrx_word' id='word_1_177' title='bbox 213 3025 246 3083; x_wconf 91' lang='lat' dir='ltr'>et</span> <span class='ocrx_word' id='word_1_178' title='bbox 268 3020 337 3103; x_wconf 90' lang='lat' dir='ltr'>ipse</span> <span class='ocrx_word' id='word_1_179' title='bbox 360 3024 464 3084; x_wconf 90' lang='lat' dir='ltr'>ratem</span> <span class='ocrx_word' id='word_1_180' title='bbox 484 3022 652 3085; x_wconf 88' lang='lat' dir='ltr'>nocturnis</span> <span class='ocrx_word' id='word_1_181' title='bbox 675 3020 760 3085; x_wconf 87' lang='lat' dir='ltr'>rexit</span> <span class='ocrx_word' id='word_1_182' title='bbox 782 3021 818 3083; x_wconf 92' lang='lat' dir='ltr'>in</span> <span class='ocrx_word' id='word_1_183' title='bbox 840 3020 943 3105; x_wconf 64' lang='lat' dir='ltr'>undu,</span> 
     </span>
    </p>

    <p class='ocr_par' dir='ltr' id='par_1_16' title="bbox 75 3109 1089 3396">
     <span class='ocr_line' id='line_1_30' title="bbox 76 3109 1065 3201; baseline -0.001 -20"><span class='ocrx_word' id='word_1_184' title='bbox 76 3109 182 3182; x_wconf 79' lang='lat' dir='ltr'>multa</span> <span class='ocrx_word' id='word_1_185' title='bbox 205 3137 335 3201; x_wconf 83' lang='lat' dir='ltr'>gemens</span> <span class='ocrx_word' id='word_1_186' title='bbox 359 3138 498 3200; x_wconf 86' lang='lat' dir='ltr'>casuque</span> <span class='ocrx_word' id='word_1_187' title='bbox 521 3118 663 3181; x_wconf 87' lang='lat' dir='ltr'>animum</span> <span class='ocrx_word' id='word_1_188' title='bbox 685 3139 859 3181; x_wconf 86' lang='lat' dir='ltr'>concussus</span> <span class='ocrx_word' id='word_1_189' title='bbox 883 3118 984 3181; x_wconf 86' lang='lat' dir='ltr'>amici.</span> <span class='ocrx_word' id='word_1_190' title='bbox 1062 3126 1065 3132; x_wconf 85' lang='lat'>&#39;</span> 
     </span>
     <span class='ocr_line' id='line_1_31' title="bbox 76 3213 1089 3300; baseline 0.001 -21"><span class='ocrx_word' id='word_1_191' title='bbox 76 3215 108 3279; x_wconf 73' lang='lat' dir='ltr'>‘o</span> <span class='ocrx_word' id='word_1_192' title='bbox 131 3214 270 3277; x_wconf 93' lang='lat' dir='ltr'>nimium</span> <span class='ocrx_word' id='word_1_193' title='bbox 292 3213 379 3278; x_wconf 86' lang='lat' dir='ltr'>caelo</span> <span class='ocrx_word' id='word_1_194' title='bbox 402 3217 435 3277; x_wconf 86' lang='lat' dir='ltr'>et</span> <span class='ocrx_word' id='word_1_195' title='bbox 459 3215 574 3299; x_wconf 88' lang='lat' dir='ltr'>pelago</span> <span class='ocrx_word' id='word_1_196' title='bbox 597 3215 715 3278; x_wconf 86' lang='lat' dir='ltr'>confise</span> <span class='ocrx_word' id='word_1_197' title='bbox 739 3236 861 3300; x_wconf 84' lang='lat' dir='ltr'>sereno,</span> <span class='ocrx_word' id='word_1_198' title='bbox 1038 3231 1089 3280; x_wconf 76' lang='lat'>870</span> 
     </span>
     <span class='ocr_line' id='line_1_32' title="bbox 75 3309 873 3396; baseline -0.001 -21"><span class='ocrx_word' id='word_1_199' title='bbox 75 3311 182 3375; x_wconf 86' lang='lat' dir='ltr'>nudus</span> <span class='ocrx_word' id='word_1_200' title='bbox 205 3311 241 3374; x_wconf 91' lang='lat' dir='ltr'>in</span> <span class='ocrx_word' id='word_1_201' title='bbox 263 3310 385 3396; x_wconf 85' lang='lat' dir='ltr'>ignota,</span> <span class='ocrx_word' id='word_1_202' title='bbox 408 3309 568 3396; x_wconf 85' lang='lat' dir='ltr'>Palinure,</span> <span class='ocrx_word' id='word_1_203' title='bbox 590 3311 709 3376; x_wconf 87' lang='lat' dir='ltr'>iacebis</span> <span class='ocrx_word' id='word_1_204' title='bbox 733 3311 873 3375; x_wconf 90' lang='lat' dir='ltr'>harena.’</span> 
     </span>
    </p>

    <p class='ocr_par' dir='ltr' id='par_1_17' title="bbox 76 3407 1088 3568">
     <span class='ocr_line' id='line_1_33' title="bbox 77 3407 1088 3494; baseline 0 -23"><span class='ocrx_word' id='word_1_205' title='bbox 77 3409 123 3472; x_wconf 90' lang='lat' dir='ltr'>sio</span> <span class='ocrx_word' id='word_1_206' title='bbox 147 3407 236 3472; x_wconf 87' lang='lat' dir='ltr'>fatur</span> <span class='ocrx_word' id='word_1_207' title='bbox 258 3408 439 3492; x_wconf 64' lang='lat' dir='ltr'>lacrimans</span> <span class='ocrx_word' id='word_1_208' title='bbox 462 3409 621 3491; x_wconf 87' lang='lat' dir='ltr'>classique</span> <span class='ocrx_word' id='word_1_209' title='bbox 643 3407 792 3472; x_wconf 88' lang='lat' dir='ltr'>immittit</span> <span class='ocrx_word' id='word_1_210' title='bbox 814 3408 965 3494; x_wconf 78' lang='lat' dir='ltr'>habenas,</span> <span class='ocrx_word' id='word_1_211' title='bbox 1021 3415 1088 3471; x_wconf 79' lang='lat' dir='ltr'>Vir</span> 
     </span>
     <span class='ocr_line' id='line_1_34' title="bbox 76 3503 920 3568; baseline 0 0"><span class='ocrx_word' id='word_1_212' title='bbox 76 3509 110 3568; x_wconf 89' lang='lat' dir='ltr'>et</span> <span class='ocrx_word' id='word_1_213' title='bbox 132 3503 265 3568; x_wconf 90' lang='lat' dir='ltr'>tandem</span> <span class='ocrx_word' id='word_1_214' title='bbox 287 3503 443 3568; x_wconf 82' lang='lat' dir='ltr'>Euboicis</span> <span class='ocrx_word' id='word_1_215' title='bbox 467 3503 641 3568; x_wconf 81' lang='lat' dir='ltr'>Cumarum</span> <span class='ocrx_word' id='word_1_216' title='bbox 662 3505 825 3568; x_wconf 87' lang='lat' dir='ltr'>adlabitur</span> <span class='ocrx_word' id='word_1_217' title='bbox 847 3506 920 3568; x_wconf 89' lang='lat' dir='ltr'>oris.</span> 
     </span>
    </p>
   </div>
   <div class='ocr_carea' id='block_1_3' title="bbox 0 0 1296 3970">
    <p class='ocr_par' dir='ltr' id='par_1_18' title="bbox 0 0 1296 3970">
     <span class='ocr_line' id='line_1_35' title="bbox 0 0 1296 3970; baseline 0 0"><span class='ocrx_word' id='word_1_218' title='bbox 0 0 1296 3970; x_wconf 95' lang='lat' dir='ltr'> </span> 
     </span>
    </p>
   </div>
  </div>
 </body>
</html>
