2514 3966
387 233 534 289 VERGILI
552 235 683 290 AENEIS
701 236 740 292 Xl
995 235 1061 300 355

53 403 117 462 tum
143 398 250 462 senior
275 418 461 480 semperque
485 395 567 460 odiis
590 401 623 460 et
645 397 776 460 crimine
799 395 941 461 Drances

54 495 195 559 infensus
217 495 325 559 iuveni
349 494 457 558 Turno
482 494 527 556 sic
551 515 605 557 ore
628 493 770 558 vicissim

55 615 123 656 orsa
145 592 256 656 refert:
280 592 312 656 ‘o
335 591 420 655 fama
443 591 565 675 ingens,
588 590 751 674 ingentior
774 592 870 655 armis

54 689 99 751 vir
121 687 268 774 Troiane,
291 687 409 771 quibus
432 686 517 750 caelo
541 691 574 750 te
596 687 744 750 laudibus
764 688 917 771 aequem?
1011 705 1060 751 125

56 786 235 849 iustitiaene
257 785 348 868 prius
371 783 468 847 mirer
492 783 609 848 belline
631 783 803 848 laborum?

55 905 109 946 nos
133 903 208 945 vero
230 881 309 944 haec
331 880 470 963 patriam
493 879 578 964 grati
601 880 773 945 referemus
797 881 836 946 ad
859 882 970 946 urbem

56 984 84 1042 et
105 983 149 1064 te,
171 979 263 1062 siqua
285 978 371 1041 viam
394 977 515 1042 dederit
537 976 677 1063 fortuna,
699 977 815 1042 Latino

57 1077 218 1160 iungemus
242 1074 325 1158 regi:
350 1076 482 1156 quaerat
506 1071 569 1136 sibi
591 1073 718 1138 foedera
741 1075 877 1139 Turnus.

58 1175 133 1256 quin
154 1177 186 1236 et
207 1172 316 1236 latalis
339 1191 505 1234 murorum
529 1169 678 1234 attollere
696 1171 795 1234 moles
1010 1187 1065 1235 13c

59 1291 190 1354 saxaque
214 1267 401 1332 subvectare
423 1267 541 1329 umeris
565 1266 703 1330 Troiana
726 1267 871 1331 iuvabit'

59 1368 175 1430 dixerat
196 1365 284 1449 haec,
306 1384 436 1446 unoque
459 1384 568 1426 omnes
591 1364 700 1427 eadem
724 1385 778 1428 ore
801 1365 987 1429 fremebant.

58 1464 215 1528 bissenos
238 1461 387 1545 pepigere
411 1459 477 1522 dies
502 1463 534 1523 et
556 1482 633 1544 pace
656 1466 821 1544 sequestra

59 1583 112 1643 per
134 1561 227 1624 silvas
251 1558 365 1622 Teucri
388 1557 545 1640 mixtique
568 1557 698 1640 impune
721 1557 830 1621 Latini

61 1679 194 1721 erravere
218 1656 313 1739 iugis.
358 1654 443 1717 ferro
468 1656 561 1716 sonat
584 1653 650 1717 alta
672 1654 803 1737 bipenni
1010 1673 1065 1720 135«

60 1754 205 1838 lrnxinur,
227 1755 376 1815 evertunt
399 1754 485 1814 actas
510 1749 550 1813 ad
573 1750 676 1814 sidera
699 1752 804 1836 pinus,

61 1852 168 1914 robora
189 1871 247 1914 nec
270 1848 379 1912 cuneis
403 1851 435 1910 et
459 1847 598 1910 olentem
621 1848 762 1912 scindere
786 1849 913 1914 cedrum

61 1969 113 2011 neo
133 1947 285 2030 plaustris
309 1949 435 2009 cessant
457 1946 583 2008 vectare
606 1946 807 2028 gementibus
832 1968 936 2010 ornos.

101 2044 226 2108 Etiam
249 2041 347 2105 Fama
370 2042 492 2126 volans,
514 2041 599 2104 tanti
622 2043 813 2124 praenuntia
835 2043 950 2128 luctus,

62 2140 238 2205 Euandrum
260 2139 466 2221 Euandrique
489 2137 600 2200 domos
624 2141 656 2201 et
678 2139 803 2202 moenia
825 2141 936 2225 replet,
1010 2157 1065 2205 llo

64 2259 134 2320 quae
154 2237 249 2301 modo
272 2236 427 2300 victorem
449 2232 543 2298 Latio
567 2233 713 2297 Pallanta
736 2235 866 2299 ferebat.

63 2335 189 2399 Arcades
212 2333 252 2398 ad
273 2337 385 2416 portas
407 2353 499 2395 ruere
522 2333 554 2394 et
578 2331 616 2393 de
638 2351 727 2394 more
750 2334 878 2396 vetusto

63 2432 196 2496 funereas
219 2451 352 2513 rapuere
374 2429 472 2512 faces;
495 2428 581 2490 lucet
604 2427 656 2490 via
680 2427 778 2512 longo

65 2528 161 2591 ordine
183 2527 383 2590 flammarum
406 2529 438 2588 et
460 2525 525 2587 late
548 2524 746 2588 discriminat
770 2546 872 2609 agros.

66 2628 162 2688 contra
183 2623 281 2686 turba
303 2621 468 2706 Phrygum
490 2621 619 2684 veniens
642 2621 829 2704 plangentia
851 2623 958 2707 iungit
1008 2641 1062 2687 145

66 2721 186 2803 agmina.
233 2741 314 2803 quae
336 2723 508 2802 postquam
530 2722 648 2781 matres
673 2717 837 2782 succedere
860 2720 954 2783 tectis

65 2817 207 2902 viderunt,
229 2820 383 2880 maestam
407 2814 580 2879 incendunt
603 2815 797 2878 clamoribus
820 2816 940 2881 urbem.

66 2917 172 2978 utnon
194 2913 381 2977 Euandrum
404 2913 490 2996 potis
514 2916 563 2974 est
586 2912 635 2974 vis
660 2912 726 2975 ulla
748 2917 866 2998 tenere,

67 3011 111 3073 sed
131 3013 215 3075 venit
238 3011 274 3073 in
295 3010 426 3074 medios.
470 3010 588 3072 feretro
612 3007 759 3072 Pallanta
781 3013 911 3091 reposto

67 3108 221 3186 procubuit
254 3128 349 3189 super
381 3111 477 3190 atque
513 3105 623 3168 haeret
653 3105 885 3189 lacrimansque
918 3128 1059 3192 gemens·

504 3199 506 3203 ’
687 3225 757 3288 que,
1011 3223 1059 3270 150

67 3301 159 3366 elvia
179 3301 233 3366 vix
256 3300 386 3364 tandem
408 3300 479 3364 voci
502 3300 610 3362 laxata
634 3300 784 3364 dolorest.

67 3393 131 3462 ‘non
151 3400 237 3483 haec,
261 3420 279 3462 o
303 3397 401 3482 Palla,
424 3397 554 3461 dederas
577 3397 737 3479 promissa
759 3399 894 3483 parenti,

67 3495 174 3559 cautius
196 3500 235 3558 ut
262 3517 355 3558 saevo
379 3494 475 3559 velles
500 3498 532 3557 te
556 3493 679 3557 credere
702 3494 813 3557 Marti:

794 3597 847 3648 23*
