2612 3964
373 277 521 332 VERGILI
539 278 671 334 Asnam
689 280 741 333 1111
999 279 1062 344 185

64 435 219 522 aetherias,
242 441 371 502 tantum
393 438 498 504 radice
520 439 556 503 in
579 439 713 505 Tartara
735 442 846 507 tendit.

63 532 131 598 haut
153 555 244 599 secus
269 535 410 600 adsiduis
432 536 509 600 hinc
532 540 628 620 atque
650 538 726 602 hino
748 539 881 603 vocibus
904 539 1001 603 heros

63 630 200 694 tunditur
222 635 255 694 et
277 653 395 716 magno
418 633 575 716 persentit
598 637 726 717 pectore
749 657 858 700 ouras:

64 749 141 791 mens
163 727 300 792 immota
321 733 444 815 manet,
466 729 616 794 lacrimae
638 732 812 796 volvantur
834 731 955 796 inanes.

100 823 179 888 Tum
201 847 277 889 vero
301 825 413 890 infelix
435 826 511 890 fatis
536 828 688 892 exterrita
711 825 796 892 Dido
1011 845 1062 893 450

64 926 190 986 mortem
213 925 298 986 orat:
322 922 428 986 taedet
451 923 530 986 55511
554 945 695 988 convexa
717 925 810 989 tueri.

65 1039 118 1100 quo
140 1017 243 1103 magis
266 1019 431 1103 inceptum
453 1024 586 1104 peragat
608 1021 775 1104 lucemque
797 1021 968 1107 relinquat,

64 1115 144 1199 vidit,
165 1115 347 1180 turicremis
371 1137 443 1181 cum
466 1117 549 1181 dona
572 1117 752 1200 imponeret
776 1118 839 1182 aris

65 1211 262 1298 (horrendum
285 1210 397 1300 dictu),
420 1213 531 1278 latices
553 1214 734 1298 nigrescere
758 1235 865 1278 sacros

65 1309 187 1393 fusaque
209 1310 245 1373 in
268 1308 441 1374 obscenum
465 1333 499 1374 se
521 1315 645 1374 vertere
667 1309 742 1374 rina
765 1332 917 1375 cruorem.
1011 1327 1063 1374 455

65 1403 118 1470 hoc
137 1405 242 1470 visum
264 1405 356 1490 nulli,
377 1427 445 1470 non
466 1406 530 1489 ipsi
554 1406 649 1470 effata
672 1408 783 1472 sorori.

65 1506 217 1585 praeterea
239 1503 303 1566 fuit
326 1503 361 1567 in
383 1504 478 1568 tectis
502 1503 540 1567 de
562 1525 720 1568 marmore
743 1505 901 1588 templum

66 1600 199 1686 coniugis
222 1600 358 1686 antiqui,
380 1601 462 1664 miro
487 1601 573 1684 quod
595 1600 716 1664 honore
740 1601 875 1686 colebat,

66 1697 224 1761 velleribus
248 1697 350 1761 niveis
374 1702 405 1761 et
428 1698 512 1762 festa
533 1698 645 1762 fronde
667 1698 860 1762 revinctum:

66 1793 132 1858 hine
152 1793 295 1858 exaudiri
317 1815 410 1858 voces
435 1799 466 1858 51
489 1795 586 1858 verba
609 1795 754 1859 vocantis
1013 1813 1065 1861 450

67 1891 128 1955 risa
146 1891 216 1976 riri,
238 1912 304 1954 nox
327 1912 399 1955 cum
421 1895 524 1954 terras
550 1892 686 1965 obseura
709 1895 841 1977 teneret,
882 1894 884 1900 ’

68 1988 186 2072 solaque
209 1988 403 2052 culminibus
426 1989 519 2052 ferali
544 1989 683 2053 carmine
706 1989 793 2053 bubo

69 2105 150 2166 saepe
172 2085 263 2168 queri
286 2088 318 2148 51
340 2085 454 2169 longas
477 2077 647 2150 infletum
670 2087 782 2150 ducere
806 2107 913 2171 voces;

69 2181 219 2264 multaque
241 2185 407 2264 praeterea
430 2184 543 2245 vatum
565 2184 727 2266 praedicta
749 2184 878 2266 piorum

69 2277 193 2340 terribili
214 2277 341 2341 monitu
364 2277 560 2343 horrificant.
607 2280 676 2365 agit
698 2281 768 2364 ipse
790 2280 950 2344 furentem
1013 2297 1064 2344 455

70 2373 233 2438 insomnis
255 2375 342 2438 ferus
365 2374 503 2458 Aeneas3
527 2397 714 2460 semperque
736 2377 876 2460 relinqui

72 2471 128 2534 5015
148 2471 219 2557 sibi,
243 2493 367 2554 semper
388 2473 518 2556 longam
540 2473 729 2537 incomitata
751 2473 879 2538 videtur
1098 2462 1120 2508 Ψ

71 2566 108 2630 155
125 2569 207 2632 viam
231 2572 264 2632 et
286 2567 402 2652 Tyrios
425 2569 550 2633 deserta
573 2591 723 2653 quaerere
745 2573 848 2634 terra:

70 2662 269 2730 Eumenidum
291 2666 392 2730 veluti
414 2665 542 2730 demens
564 2667 652 2730 videt
675 2667 803 2750 agmina
826 2665 989 2732 Pentheus

71 2765 96 2824 et
111 2763 206 2827 solem
224 2763 389 2848 geminum
407 2767 439 2827 et
457 2763 594 2846 duplicis
614 2785 648 2828 se
667 2763 833 2826 ostendere
851 2763 990 2849 Thebas,
1014 2782 1067 2830 450

71 2863 116 2922 551
135 2859 406 2945 Agamemnonius
430 2859 552 2924 scaenis
577 2860 718 2945 agitatus
743 2858 874 2924 Orestes

71 2961 210 3022 armatam
231 2957 356 3020 facibus
378 2959 514 3020 matrem
537 2960 568 3021 et
593 2957 796 3040 serpentibus
820 2957 899 3021 atris

70 3073 131 3117 cum
150 3054 245 3138 fugit,
267 3053 461 3135 ultricesque
484 3053 596 3116 sedent
619 3054 655 3116 in
676 3054 787 3117 limine
810 3051 916 3118 Dirae.

105 3149 188 3236 Ergo
211 3150 269 3214 ubi
291 3150 437 3232 concepit
459 3149 560 3214 furias
585 3151 688 3214 evicta
711 3151 821 3214 dolore

69 3245 256 3332 decrevitque
278 3247 371 3332 mori,
393 3251 520 3329 tempus
545 3269 652 3311 secum
675 3248 747 3331 ipsa
769 3247 964 3331 modumque
1015 3265 1066 3313 475

69 3344 157 3429 exigit
179 3350 211 3409 51
233 3349 391 3409 maestam
412 3343 507 3408 dictis
531 3345 682 3429 adgressa
705 3366 849 3408 sororem

68 3443 226 3507 eonsilium
248 3442 340 3506 voltu
363 3441 446 3526 tegit
470 3463 506 3506 ac
529 3462 619 3524 spem
641 3443 748 3505 fronte
772 3445 912 3504 serenat:

69 3535 186 3625 ‘inveni
209 3559 370 3624 germana,
387 3539 478 3613 *viam
501 3535 643 3624 (gratare
667 3535 794 3623 sorori),
