2556 3966
399 233 546 288 ‘vaaanr
563 233 696 290 nausis
714 235 752 290 m
886 213 892 226 '
1012 235 1077 298 363

77 415 165 480 argue
187 398 233 480 tu,
255 393 391 479 Drance,
414 396 540 478 quando
564 399 615 460 tot
639 397 757 481 stragis
781 417 910 460 acervos

77 491 259 556 Teucrorum
282 493 340 556 tua
362 492 475 557 dextra
497 492 584 556 dedit
606 493 790 576 passimque
812 495 954 575 tropaeis
1025 509 1076 558 aas

77 587 202 672 insignis
226 608 332 672 agros.
377 589 482 671 possit
505 588 583 672 quid
605 589 712 653 vivida
734 589 848 675 virtus,

75 685 225 768 experiare
248 684 337 768 licet3
358 705 418 750 nec
439 684 536 771 longe
560 685 681 751 seilicet
703 685 813 751 hostes

76 781 237 865 quaerendi
260 781 369 845 nobis:
393 782 601 848 circumstant
623 781 764 867 undique
787 805 905 848 muros.

75 879 149 942 imus
171 879 206 942 in
229 878 392 942 adversos:
417 878 494 962 quid
517 880 644 944 cessas?
668 902 709 944 an
732 880 794 944 tibi
812 879 942 945 Mavors

75 979 197 1040 ventosa
220 976 256 1039 in
278 975 390 1061 lingua
412 974 610 1059 pedibusque
632 977 802 1064 fugacibus
824 977 897 1042 istis
1024 995 1076 1043 aec

75 1095 188 1157 semper
212 1072 296 1138 erit?

75 1171 176 1253 pulsus
200 1169 285 1254 ego?
308 1173 364 1234 aut
384 1168 553 1252 quisquam
571 1170 702 1256 merito,
724 1170 921 1258 foedissime,
944 1171 1074 1255 pulsum

74 1271 186 1353 arguet,
208 1265 307 1330 Iliaco
330 1265 489 1330 tumidum
512 1265 569 1349 qui
591 1287 729 1332 crescere
753 1266 909 1350 Thybrim

75 1365 220 1449 sanguine
244 1367 277 1427 et
299 1361 444 1427 Euandri
466 1367 570 1428 totam
593 1385 665 1428 cum
688 1363 787 1448 stirpe
811 1363 933 1428 videbit

76 1461 273 1543 procubuisse
296 1460 426 1524 domum
449 1463 544 1544 atque
567 1465 681 1525 exutos
704 1461 845 1526 Arcadas
869 1461 987 1526 armis?
1023 1479 1074 1528 aab

74 1559 144 1623 haut
166 1559 214 1622 ita
237 1579 288 1621 me
312 1555 435 1640 experti
458 1555 562 1620 Bitias
585 1561 618 1621 et
640 1555 804 1622 Pandarus
827 1557 941 1643 ingens

76 1659 103 1718 et
123 1677 201 1739 quos
225 1654 313 1718 mille
336 1654 386 1717 die
409 1653 512 1718 victor
535 1653 595 1718 sub
619 1653 753 1718 Tartara
775 1654 859 1740 misi,

77 1753 206 1817 inclusus
229 1751 331 1816 muris
349 1750 525 1834 hostilique
549 1771 664 1835 aggere
688 1753 825 1834 saeptus.

78 1851 177 1914 “nulla
201 1850 288 1912 salus
311 1847 429 1912 bello.''
476 1847 573 1930 capiti
596 1869 672 1911 cane
694 1847 782 1933 talia,
804 1848 942 1933 demens,

78 1945 227 2011 Dardanio
250 1945 411 2028 rebusque
434 1944 509 2008 tuis.
554 1942 687 2028 proinde
711 1943 818 2008 omnia
840 1965 958 2030 magno
1021 1962 1074 2012 400

78 2065 109 2107 ne
129 2065 215 2108 cessa
238 2041 370 2106 turbare
391 2045 481 2105 metu
504 2043 600 2124 atque
623 2039 775 2105 extollere
798 2041 882 2106 vires

77 2140 172 2223 gentis
195 2139 246 2202 bis
270 2138 383 2224 victae,
405 2141 517 2202 eontra
539 2158 680 2221 premere
704 2159 791 2202 arma
814 2137 930 2202 Latini.

78 2259 150 2301 nunc
163 2239 195 2300 et
205 2234 444 2318 Myrmidonum
457 2255 603 2316 proceres
612 2231 754 2318 Phrygia
768 2257 856 2299 arma
870 2239 1075 2322 tremescunt,

79 2333 164 2417 [nunc
187 2336 218 2397 εὴ
242 2331 380 2416 Tydides
403 2335 436 2395 et
458 2329 627 2395 Larisaeus
649 2329 816 2417 Achillea]

79 2431 167 2494 amnis
191 2433 223 2494 εὴ
246 2427 421 2493 Hadriacas
445 2432 531 2492 retro
554 2427 640 2513 fugit
662 2425 798 2493 Aufidus
821 2429 931 2494 undas.
1022 2445 1073 2494 405

80 2529 121 2591 vel
140 2549 211 2591 cum
234 2547 268 2590 se
290 2525 439 2609 pavidum
464 2527 576 2589 contra
597 2547 669 2589 mea
691 2526 796 2610 iurgia
818 2527 923 2612 fingit,

79 2626 198 2689 artificis
223 2624 340 2709 scelus,
363 2627 395 2688 et
417 2622 586 2687 formidine
609 2622 728 2686 crimen
751 2623 886 2688 acerbat.

80 2741 240 2805 numquam
263 2721 402 2784 animam
425 2719 523 2784 talem
546 2719 658 2782 dextra
680 2717 741 2784 hac
763 2717 898 2807 (absiste
921 2718 1058 2807 moveri)

80 2823 207 2883 amittes:
231 2817 358 2882 habitet
380 2822 487 2882 tecum
510 2821 542 2880 et
565 2816 608 2881 sit
630 2821 759 2900 pectore
781 2817 816 2881 in
840 2818 913 2881 istc.

80 2933 150 2978 nunc
172 2913 212 2978 ad
234 2917 267 2978 tc
290 2917 323 2977 et
344 2917 402 2978 tua
424 2933 551 2998 magna,
572 2917 674 2999 pater,
696 2915 842 2978 consulta
865 2917 1074 2980 revertor.410

82 3009 103 3071 si
121 3011 238 3074 nullam
260 3009 381 3074 nostris
404 3009 491 3074 ultra
515 3033 604 3095 spem
626 3011 719 3094 ponis
742 3010 777 3073 in
800 3012 906 3098 armis,

82 3106 103 3168 si
122 3110 183 3171 tam
206 3107 324 3172 deserti
348 3127 457 3172 sumus
481 3111 513 3172 et
536 3109 634 3172 semel
657 3108 783 3193 agmine
806 3130 898 3173 verso
1093 3187 1097 3196 Ι

81 3202 209 3268 funditus
234 3204 406 3269 occidimus
428 3225 532 3288 neque
553 3205 652 3270 habet
674 3203 819 3269 Fortuna
841 3227 1030 3292 regressum,

83 3320 191 3366 oremus
215 3323 326 3386 pacem
348 3306 380 3366 et
403 3303 531 3366 dextras
553 3302 721 3366 tendamus
745 3302 867 3367 inertis.

83 3419 260 3484 quamquam
283 3421 312 3486 o,
335 3400 363 3463 si
387 3399 501 3463 solitae
524 3400 694 3483 quicquam
716 3399 847 3463 virtutis
871 3400 1008 3464 adesset!
1021 3415 1075 3464 415

82 3493 124 3559 ille
144 3497 221 3562 mihi
245 3500 319 3561 ante
342 3497 423 3561 alios
447 3496 695 3580 fortunatusque
713 3497 861 3560 laborum
