2576 3970
305 954 343 1028 P.
369 954 565 1028 VERGILI
592 957 803 1031 MARONIS

262 1130 298 1212 A
342 1130 378 1212 Ε
423 1130 466 1211 N
510 1131 546 1212 E
590 1132 614 1213 Ι
659 1132 698 1214 D
746 1133 781 1215 Ο
828 1133 856 1217 S

383 1321 515 1388 monn
538 1292 736 1398 ovrurvs‘

103 1465 222 1530 Interea
245 1465 384 1529 medium
406 1464 531 1528 Aeneas
554 1466 618 1529 iam
641 1467 742 1531 classe
764 1469 894 1534 tenebat

68 1566 159 1626 certus
180 1564 242 1626 iter
264 1561 445 1646 fluctusque
468 1564 556 1625 atros
581 1563 731 1646 aquilone
754 1567 890 1653 secabat,

67 1661 178 1724 moenia
199 1659 383 1745 respiciam,
406 1681 487 1743 quae
508 1659 573 1722 iam
595 1659 732 1725 infelicis
755 1662 881 1729 Elissae

69 1758 219 1821 conlucent
242 1755 387 1819 flammis,
434 1777 514 1839 quae
536 1761 664 1821 tantum
686 1761 862 1826 accenderit
885 1762 993 1847 ignem

68 1878 149 1919 causa
169 1855 262 1937 latet3
286 1852 357 1916 duri
379 1873 497 1936 magno
521 1853 576 1924 sed
598 1876 705 1919 amore
728 1856 853 1922 dolores
1043 1877 1060 1922 5

68 1954 177 2035 polluto
198 1953 386 2034 notumque,
407 1949 517 2014 furens
540 1951 618 2034 quid
640 1952 757 2016 femina
779 1955 893 2042 possit,

68 2051 146 2114 triste
168 2070 223 2132 per
246 2047 417 2131 augurium
439 2045 633 2112 Teucrorum
655 2053 785 2132 pectora
808 2051 935 2115 ducunt.

69 2152 98 2209 ut
116 2147 244 2230 pelagus
267 2147 398 2208 tenuere
420 2147 505 2207 rates
528 2166 586 2209 nce
608 2147 672 2210 iam
695 2147 831 2230 amplius
855 2149 922 2212 ulla

70 2244 189 2307 occurrit
212 2242 318 2327 tellus,
340 2241 441 2304 maria
463 2242 603 2326 undique
626 2247 658 2306 et
680 2244 821 2327 undique
843 2246 977 2310 caelum:

70 2339 116 2402 olli
135 2341 294 2404 caeruleus
319 2361 415 2421 supra
438 2343 534 2421 caput
557 2341 663 2403 astitit
685 2341 787 2404 imber
1025 2360 1057 2407 10

69 2442 178 2502 noctem
199 2437 399 2519 hiememque
421 2436 535 2521 terena,
560 2441 592 2500 et
614 2437 776 2500 inhorruit
800 2438 884 2501 unda
906 2439 1056 2502 tenebris.

69 2535 125 2617 ipse
145 2536 339 2620 gubernator
360 2533 461 2616 puppi
484 2533 654 2598 Palinurus
677 2534 717 2598 ab
741 2535 807 2598 alta

70 2630 142 2697 ‘heul
165 2633 314 2717 quianam
336 2631 420 2694 tanti
444 2630 610 2694 cinxerunt
634 2631 763 2695 aethera
784 2631 909 2695 nimbi?

69 2730 177 2815 quidve,
199 2732 291 2812 pater
312 2725 472 2812 Neptune,
486 2727 622 2810 'paras‘l'
645 2728 691 2792 sic
714 2729 825 2792 deinde
847 2729 973 2793 locutus
1043 2778 1049 2787 .

68 2826 200 2911 colligere
224 2848 312 2889 arma
334 2823 424 2887 iubet
446 2825 622 2908 validisque
645 2825 828 2889 incumbere
850 2825 955 2911 remia,
1025 2844 1057 2891 1o

70 2921 260 3006 obliquatque
284 2921 374 2985 sinus
396 2920 431 2984 in
453 2927 583 2986 ventum
608 2945 644 2986 ac
665 2923 744 2986 talia
766 2923 866 2986 fatur:

68 3017 265 3104 ‘magnanime
287 3017 405 3103 Aenea,
426 3040 501 3104 non,
524 3021 552 3083 si
574 3019 655 3084 mibi
678 3018 823 3102 luppiter
846 3023 957 3084 auctor

69 3118 215 3201 spondeat,
236 3117 298 3180 hoo
321 3137 445 3199 sperem
467 3115 594 3181 Italiam
617 3117 802 3200 contingere
826 3117 920 3181 caelo.

69 3215 169 3278 mutati
191 3218 374 3278 transversa
396 3213 537 3277 fremunt
560 3218 592 3278 et
614 3235 744 3297 vespere
768 3213 807 3276 ab
832 3218 902 3277 atro

69 3313 248 3394 consurgunt
270 3309 369 3393 venti,
392 3313 488 3393 atque
511 3311 545 3374 in
566 3312 685 3375 nubem
707 3311 834 3395 cogitur
857 3317 917 3375 atr.
1022 3328 1057 3376 no

68 3422 115 3467 nec
133 3427 189 3470 nos
212 3405 318 3471 obniti
341 3410 452 3470 contra
474 3429 533 3472 neo
555 3409 683 3472 tendere
706 3412 833 3471 tantum

69 3500 234 3569 sufficimus.
281 3507 411 3586 superat
435 3505 586 3588 quoniam
609 3503 761 3588 Fortuna,
784 3524 963 3586 sequamur,

110 3615 219 3666 lunares,
233 3617 321 3668 Vergil.
863 3611 895 3658 13
