2530 3960
491 247 624 303 CULEX.
1005 246 1071 310 419

54 413 264 491 praeceptum
288 409 438 493 signabat
459 410 522 472 iter
544 431 602 473 nco
624 410 752 474 rettulit
774 409 862 472 intus
1019 425 1071 474 290

53 506 182 569 lumina
204 527 262 569 nec
285 505 375 568 divae
399 506 542 590 corrupit
564 528 697 570 munera
719 507 842 591 lingua3

54 602 113 666 sed
137 607 176 664 tu
199 601 345 685 crudelis,
369 602 505 665 crudelis
528 606 563 665 tu
587 603 701 688 magis,
725 601 864 688 Orpheu‚

54 698 240 785 (peceatum
263 699 446 762 meminisse
469 703 561 763 tuom
584 720 681 783 grave
704 701 776 764 sede
798 697 942 784 piorum)
1019 715 1071 764 000

54 797 168 861 oscula
191 818 263 859 cara
286 799 398 878 petens
421 797 538 878 rupisti
560 796 648 860 iussa
672 796 815 861 deorum:
1019 813 1070 862 003

54 895 177 978 dignus
201 893 414 978 amorreum,
437 896 567 976 gratum
590 893 617 956 si
641 893 776 958 Tartara
797 899 936 958 nossent.

53 992 116 1054 has
141 994 249 1054 manet
272 990 406 1052 heroum
429 994 541 1054 contra
562 1012 684 1054 manus.
716 990 769 1056 hic
793 995 825 1054 et
847 995 982 1074 uterque
1019 1007 1070 1056 296
1179 1076 1181 1080 y

53 1089 212 1153 Aeacides
237 1086 364 1174 (Peleus
386 1109 524 1170 namque
547 1092 579 1151 et
603 1087 788 1152 Telamonia
811 1088 914 1152 virtus

54 1209 115 1269 per
139 1207 249 1249 secura
270 1185 373 1267 patris
395 1184 556 1248 laetantur
578 1185 720 1270 numina,
743 1207 880 1268 quorum

55 1283 194 1348 conubis
218 1281 328 1345 Venus
352 1285 384 1344 00
406 1280 520 1345 Virtus
544 1281 684 1346 iniunxit
707 1281 874 1346 honorem:

54 1382 145 1444 hunc
168 1380 277 1463 rapuit
301 1379 407 1462 †ferit
430 1383 490 1463 000,
512 1378 605 1442 illum
627 1376 741 1443 Nereis
765 1377 911 1466 amavit);
1019 1397 1070 1444 300

55 1477 184 1542 adsidet
206 1477 267 1540 hac
288 1476 423 1562 iuvenis,
446 1476 584 1539 sociatae
607 1476 710 1560 gloria
734 1477 841 1560 sortis,

55 1596 131 1638 acer
154 1573 190 1636 in
213 1594 386 1656 excessum,
408 1572 548 1636 referens
573 1595 591 1636 0
613 1573 749 1636 navibus
773 1574 858 1658 ignis

54 1670 221 1754 Argolicis
244 1668 403 1753 Phrygios
425 1672 518 1732 00000
540 1669 669 1732 feritate
692 1670 845 1752 repulsos.

55 1791 74 1833 o
101 1768 177 1850 quis
199 1788 266 1830 non
288 1766 405 1830 referat
428 1765 503 1828 talis
527 1765 665 1829 divortia
688 1766 775 1851 belli,

56 1886 141 1948 quae
165 1862 279 1926 Troiae
302 1861 408 1926 videre
431 1862 493 1924 viri
516 1862 685 1947 videreque
710 1861 797 1948 Grai,
1019 1883 1069 1932 300

55 1959 194 2026 Teucria
217 1981 289 2023 cum
311 1981 429 2042 magno
452 1962 596 2022 manaret
619 1960 774 2044 sanguine
797 1961 893 2024 tellus

56 2063 88 2122 et
115 2055 234 2120 Simois
257 2055 443 2139 Xanthique
466 2055 583 2141 liquor,
606 2053 762 2141 Sigeaque
784 2062 911 2140 praeter

56 2158 157 2220 litora
180 2176 253 2217 cum
275 2153 376 2218 Troas
401 2154 487 2218 00001
510 2153 598 2216 ducis
622 2153 771 2220 Hectoris
795 2155 844 2218 ira

56 2253 207 2318 funderet
229 2251 265 2314 in
288 2250 404 2314 classes
428 2250 556 2314 inimica
579 2254 684 2314 mente
707 2249 857 2335 Pelasgas

56 2351 193 2414 vulnera
215 2349 281 2412 0010
303 2369 395 2412 neces
418 2347 503 2431 ignis
523 2347 641 2410 inferre
664 2352 803 2431 paratos.
1018 2367 1069 2416 310

56 2449 131 2531 ipsa
154 2445 241 2529 iugis
263 2465 401 2527 namque
423 2443 480 2507 Ida
503 2448 617 2528 potens
641 2444 788 2526 feritatis
812 2446 853 2509 ab
876 2446 947 2528 ipsa

56 2543 115 2607 Ida
138 2544 224 2606 faces
248 2541 344 2605 altrix
368 2541 491 2624 cupidis
514 2540 688 2625 praebebat
712 2541 858 2628 alumnis,

59 2641 165 2706 omnis
189 2643 226 2703 ut
248 2639 284 2702 in
306 2639 427 2702 cineres
451 2637 588 2702 Rhoetei
611 2637 716 2702 litoris
741 2659 796 2702 000

58 2738 218 2803 classibus
243 2736 400 2799 ambustis
423 2735 551 2799 flamma
573 2735 760 2799 lacrimante
783 2736 920 2800 daretur.

57 2836 135 2898 hinc
159 2837 228 2898 erat
251 2833 419 2916 oppositus
443 2836 554 2896 contra
576 2831 780 2896 Telamonius
802 2833 897 2897 heros
1019 2851 1069 2898 310

60 2933 252 3013 obiectoque
275 2929 372 2993 dabat
396 2930 498 3012 clipeo
523 2929 705 3012 certamina,
728 2933 760 2992 00
783 2930 872 2993 illinc

59 3027 183 3092 Hector
207 3031 284 3111 0000,
307 3026 422 3090 Troiae
446 3048 606 3090 summum
628 3027 732 3111 decus,
756 3048 827 3090 acer
850 3031 995 3114 uterque,

59 3122 283 3204 †lulminibus
307 3122 408 3186 veluti
431 3122 540 3206 fragor
565 3127 614 3186 est
637 3146 656 3186 a
678 3124 807 3187 turbine
830 3124 899 3188 nise

59 3219 291 3304 †tegminibus
314 3220 451 3302 telisque
476 3241 571 3302 super
595 3272 725 3284 .....

61 3319 199 3400 eriperet
222 3317 353 3402 reditus,
377 3318 458 3381 alter
479 3315 636 3380 Vulcania
658 3318 743 3381 ferro
1020 3338 1070 3386 300

61 3415 194 3478 vulnera
218 3417 382 3497 protectus
406 3412 561 3496 depellere
583 3413 720 3478 navibus
743 3414 854 3478 instat.

60 3511 120 3576 hos
145 3515 213 3577 0000
237 3509 389 3575 Aeacides
413 3511 506 3574 vultu
528 3511 666 3574 laetatus
689 3509 837 3597 honores,

805 3616 856 3667 00*
