2580 3962
285 271 316 323 P.
337 270 483 324 VERGILI
501 269 665 324 MARONIS
685 269 881 324 NARRATIO.
1048 271 1101 323 Vll

88 431 277 497 consulibus
285 428 309 518 1)
334 413 369 493 in
393 451 476 514 pago
499 453 566 494 non
587 431 683 494 nimis
709 430 820 514 procul
838 455 857 494 a
875 431 1008 498 Mantua
1027 431 1101 514 sito,

90 525 280 612 Andibus2).
313 527 500 610 parentibus
525 531 615 591 ortus
636 532 684 591 est
703 527 835 594 modicis
854 532 945 612 patre
964 550 1102 592 mercen·

89 623 224 711 nari03),
255 627 357 688 matre
389 623 514 708 Magia
540 624 666 708 Polla,
698 625 765 689 filia
796 624 896 709 Magii
925 622 1102 710 viatoris4),

163 797 185 864 ¹)
203 795 332 851 Suetonii
355 796 389 850 de
412 796 503 865 poetis
526 797 625 866 fragm.
645 795 722 850 XXV
739 813 774 850 ex
787 797 950 866 Hieronymi
972 797 1101 850 chronico

89 870 253 937 excerptum
280 865 412 920 editionis
442 866 728 922 Reifferscheidianae
756 886 781 937 p.
806 873 848 922 43.
876 869 909 922 cf.
938 866 1101 938 Phlegontis

90 941 295 1003 ὀλυμπιονιιιῶν
322 943 365 991 καὶ
391 945 527 1004 χρονικῶν
553 941 702 1006 ἀναγραφή
730 939 804 1007 apud
828 937 959 992 Photium
983 938 1044 992 cod.
1068 943 1101 992 97

89 1027 116 1131 Β.
128 1015 164 1062 84
179 1025 198 1061 a
209 1015 251 1076 18,
269 1007 355 1062 Probi
372 1007 433 1062 vita
452 1009 526 1077 apud
545 1007 626 1063 Reiff.
640 1027 667 1078 p.
679 1013 721 1077 52,
737 1014 830 1077 seqq,
850 1008 954 1062 Donati
968 1027 994 1077 p.
1006 1014 1101 1076 54,11‚

113 1078 248 1133 emensis.
285 1077 422 1132 natalicia
440 1079 548 1134 Phocas
569 1097 593 1132 s.
613 1085 645 1132 21
666 1095 706 1148 sq.
731 1079 771 1132 sic
794 1078 1009 1133 circumscribit:
1036 1081 1101 1147 ‘quo

89 1153 218 1218 tempore
237 1147 337 1203 Chelas
356 1149 414 1202 iam
432 1149 509 1202 mitis
528 1149 656 1204 Phaeton
673 1152 738 1218 post
756 1149 881 1218 Virginis
905 1166 954 1204 ora
974 1149 1099 1218 recepit’

89 1221 157 1274 Idus
176 1219 311 1274 Octobres
335 1219 409 1274 inter
427 1219 514 1274 festos
538 1220 598 1273 dies
620 1220 711 1290 poetis
731 1222 905 1274 consecratos
924 1219 1011 1274 trisse
1029 1219 1101 1287 Hey-

89 1292 154 1344 nius
178 1289 329 1344 adnotavit
352 1290 463 1344 collatis
487 1290 627 1344 Martialis
650 1291 702 1344 XII
721 1296 754 1345 67
778 1289 895 1344 Ausonii
917 1289 996 1360 idyll.
1023 1289 1050 1343 V
1068 1295 1101 1342 25

89 1360 179 1414 Plinii
198 1360 280 1429 epist.
299 1360 339 1413 ΠΙ
359 1367 384 1429 7,
403 1361 451 1428 qui
471 1361 504 1414 de
524 1359 593 1416 Silio
612 1361 711 1415 Italico
730 1361 799 1415 haec
818 1361 950 1416 tradidit:
971 1360 1100 1414 ‘multum

89 1432 199 1500 ubique
217 1430 365 1498 librorum,
385 1431 504 1484 multum
523 1434 688 1499 statuarum,
706 1432 826 1486 multum
845 1432 1012 1502 imaginum,
1032 1448 1101 1500 quas

88 1519 147 1556 non
174 1501 301 1555 habebat
323 1502 420 1569 modo,
447 1519 544 1555 verum
567 1501 654 1556 etiam
676 1503 876 1570 venerabatur,
905 1503 1018 1574 Vergilii
1040 1509 1102 1556 uate

89 1589 191 1639 omnes,
210 1573 289 1626 caius
306 1573 426 1626 natalem
443 1573 597 1642 religiosius
615 1590 697 1642 qaam
715 1590 795 1628 suaa
808 1575 966 1640 celebrabat,
984 1573 1104 1642 Neapoli

89 1644 218 1708 marinae,
237 1643 286 1696 aot
303 1643 497 1696 monimntum
515 1645 573 1697 cias
591 1646 668 1698 adire
686 1650 718 1698 at
736 1645 863 1714 temptam
880 1645 1000 1699 solebat?
1028 1643 1102 1696 falli-

89 1715 138 1766 tur
162 1712 315 1766 chronicon
337 1711 486 1780 Paschale,
513 1713 563 1766 ubi
589 1716 753 1782 Ὁρτηνσίου
782 1719 825 1768 καί
851 1717 1005 1779 Μετέλλου,
1031 1714 1056 1767 h.
1079 1729 1101 1768 e.

89 1799 165 1836 anno
185 1788 237 1836 685
256 1785 340 1835 natus
360 1781 462 1836 dicitur
480 1785 572 1852 poeta.

165 1852 186 1920 ¹)
208 1852 304 1906 ‘Milia
328 1869 463 1922 passuum
487 1854 577 1906 XXX’
605 1854 681 1922 quod
707 1855 804 1908 abesse
831 1855 919 1908 fertur
944 1871 961 1907 a
985 1854 1103 1906 Mantua

88 1923 211 1976 nimium
236 1939 298 1976 esse
322 1924 432 1976 monuit
456 1923 616 1992 Nettleship
641 1943 667 1994 p.
693 1929 734 1979 33.
771 1923 879 1993 Pagum
904 1927 978 1978 recte
1006 1924 1104 1978 dicunt

88 1994 278 2061 Hieronymus
301 1993 319 2048 l.
340 1993 358 2048 l.
378 1997 407 2047 et
424 1995 559 2062 Donatus,
578 1993 671 2048 vicum
688 1994 774 2048 Probi
793 1997 951 2064 excerptor:
972 1995 1103 2048 Mantua-

88 2082 143 2118 nus
167 2065 198 2117 in
216 2063 277 2116 vita
300 2063 435 2118 Bernensi
459 2065 618 2134 appellatur
635 2067 728 2134 poeta,
751 2067 780 2118 et
798 2065 922 2119 celebrat
945 2065 1005 2134 ipse
1024 2065 1102 2118 Man-

89 2139 171 2188 tuam
189 2134 314 2202 patriam
327 2151 370 2203 ge.
385 2135 424 2187 ΙΙΙ
439 2141 472 2188 10
487 2153 556 2202 sqq,
575 2135 695 2189 Tuscum
710 2138 805 2188 autem
819 2136 952 2190 Mantuae
967 2135 1104 2204 originem

89 2204 226 2258 Aeneidis
245 2203 271 2257 X
289 2209 341 2257 200
361 2221 420 2274 sqq.
440 2221 545 2258 memor
563 2205 670 2258 Phocas
689 2224 715 2260 v.
736 2212 759 2274 5,
781 2206 878 2274 quiin
897 2223 947 2274 sap
967 2205 1025 2260 hici
1044 2223 1102 2260 car-

89 2275 175 2329 minis
195 2293 221 2328 v.
242 2280 275 2328 22
297 2275 394 2330 ‘uatem
417 2275 576 2330 Etruscam'
606 2275 740 2346 appellat.
778 2276 915 2330 cavillans
941 2277 949 2302 ‘
978 2277 1100 2330 enetum'

90 2345 163 2400 dicit
185 2344 347 2415 Euangelus
372 2347 447 2414 apud
470 2345 644 2400 Macrobium
663 2346 720 2402 Sat.
735 2347 760 2400 V
775 2353 803 2414 2,
826 2347 964 2414 adquam
983 2347 1103 2400 conferri

89 2417 192 2470 iubent
207 2415 316 2469 Sidonii
330 2432 372 2485 ep.
388 2416 426 2468 IX
445 2422 486 2484 15,
502 2422 535 2469 47
558 2416 705 2470 ‘Venetam
723 2418 845 2470 lacessat
863 2420 895 2469 ut
913 2418 1010 2470 favore
1023 2417 1102 2470 Man·

89 2487 191 2540 tuam!
231 2485 342 2540 Servius
366 2503 477 2554 quoque
500 2487 530 2538 in
553 2487 613 2540 vita
638 2487 705 2554 ‘fait
730 2488 796 2542 eicis
820 2487 1008 2554 Mantuanus,
1035 2505 1103 2557 qaae

89 2559 190 2612 ciuitas
209 2563 247 2611 est
266 2557 410 2611 Venetiae!
448 2555 504 2610 fuit
523 2557 597 2610 enim
616 2558 652 2610 ab
672 2559 773 2626 Addua
793 2559 829 2611 ad
853 2558 988 2612 orientem
1006 2574 1102 2612 versus

88 2627 221 2682 Venetia.

165 2697 186 2767 ⁸)
208 2697 296 2767 ‘patre
312 2697 422 2751 metico’
443 2697 550 2751 Probus
567 2697 619 2752 ll.
641 2698 736 2766 ‘patra
757 2715 834 2768 qaam
852 2699 964 2768 quidam
982 2700 1103 2767 opificem

87 2769 220 2839 fipalam,
240 2769 334 2836 pierres
358 2767 441 2837 Magi
465 2769 609 2823 cuiusdam
633 2769 747 2823 viatoris
772 2770 853 2823 tuitio
878 2771 1103 2836 mercennariam,

88 2857 155 2893 mox
174 2839 206 2893 ob
221 2839 387 2892 iudustriam
400 2855 527 2908 generum
541 2840 725 2894 tradidcrwat’
742 2839 876 2894 Donatus.
907 2840 981 2894 ‘taio
999 2842 1104 2910 percitos

88 2911 204 2979 ripales,
223 2909 308 2963 Maro
322 2911 438 2974 nomiae,
457 2911 545 2963 cultor
563 2911 652 2979 apelli,
672 2911 706 2964 Vt
723 2911 846 2976 reserant
864 2911 924 2977 alii,
942 2912 1019 2964 terrai
1036 2928 1101 2964 mer·
1201 2957 1203 2960 .

88 2982 152 3034 cede
180 2981 299 3046 locatas;
334 2981 381 3033 sed
401 2980 495 3048 plures
519 2981 640 3050 figulum.
688 2982 749 3049 qais
773 2997 831 3034 aaa
854 2983 989 3034 miracala
1013 2999 1102 3035 reram

89 3051 171 3105 Haec
183 3047 311 3119 stupeat?
338 3051 411 3104 dices
425 3057 524 3118 partas
539 3052 781 3118 depauperaverat
795 3051 931 3105 Emicuit:
949 3052 1028 3121 pipeti
1045 3053 1102 3104 sob-

87 3123 145 3176 oles
173 3137 246 3175 acca
276 3122 400 3176 carmina
432 3121 529 3186 fiaait’
568 3120 675 3174 Phocas
704 3138 728 3174 v.
754 3127 862 3190 tsqq,
892 3121 941 3188 qni
966 3121 1102 3173 acuminis

88 3209 177 3246 causa
201 3190 333 3259 lepidiori
356 3189 478 3244 fabellae
501 3190 595 3259 plures
614 3192 701 3244 testes
725 3191 904 3246 arcessivisse
923 3191 1045 3246 videtur:
1068 3191 1101 3244 cf.

88 3260 316 3316 Reifferscheidii
335 3263 455 3328 quaestt.
477 3260 564 3314 Suett.
584 3280 610 3330 p.
631 3266 690 3315 403.

164 3332 185 3395 ⁴)
202 3333 297 3386 ‘matre
312 3332 412 3402 Magia
423 3331 513 3385 Polla'
530 3331 644 3384 Probus.
676 3331 772 3386 ‘mater
786 3333 898 3402 Vri-pila
911 3333 999 3398 felisa·
1012 3333 1103 3398 alata,

87 3403 204 3473 (Magia
226 3400 482 3469 Reifferscheidius)
506 3401 698 3470 Philargyrius
723 3403 773 3456 ecl.
797 3403 900 3468 111623
924 3402 992 3455 item
1017 3401 1101 3455 schol.

88 3475 170 3527 Bern.
196 3473 235 3526 ad
259 3471 379 3526 eundem
397 3471 429 3540 l.,
454 3471 502 3538 qui
522 3471 633 3526 Maiam
651 3475 770 3526 matrem
795 3473 881 3525 etiam
901 3473 936 3524 ad
955 3472 1005 3524 ccl.
1025 3472 1050 3524 V
1070 3479 1102 3524 22

87 3545 300 3598 commemorat.
331 3545 428 3598 ‘neuter
438 3542 517 3596 Polla
531 3544 588 3608 fait
598 3542 693 3612 Mopsi
705 3560 762 3597 aoso
776 3544 871 3609 infima
882 3545 982 3610 proles'
994 3542 1102 3595 Phocas
