2514 3966
207 277 271 343 332
543 275 691 330 VERGILI
709 275 840 329 AENEIS
855 275 879 328 X

206 438 284 502 haec
308 439 352 502 ait
376 443 408 503 et
432 460 538 503 secum
561 441 677 522 versat,
701 459 782 521 quos
806 438 918 501 ducere
941 441 1052 502 contra
1167 455 1217 502 285

207 535 259 599 vel
282 536 398 619 quibus
424 536 572 599 obsessos
595 534 700 644 possit
724 535 910 598 concredere
932 557 1050 598 muros,

251 631 305 695 lut
291 637 378 696 terea
400 631 524 696 Aeneas
549 631 652 695 socios
672 630 709 694 de
732 630 895 713 puppibus
919 631 993 693 alhs

207 734 288 812 pont
274 728 362 792 tibus
386 727 525 812 exponit.
571 727 667 790 multi
640 731 817 790 tservare
839 749 986 791 recursus

208 825 372 910 languent'
363 847 391 889 1s
414 824 520 909 pelagi
545 827 576 887 et
562 823 751 887 tbrevibus
776 846 809 888 se
784 805 958 888 credere
980 825 1077 909 saltu,

208 945 264 1005 per
286 944 391 986 remos
415 922 478 986 alii.
525 921 668 1004 speculat
635 941 708 983 aus
654 921 828 984 tlitora
851 920 1007 1006 Tarchon,
1165 937 1215 986 roo

210 1041 272 1102 qua
295 1018 375 1083 vada
396 1040 464 1082 non
487 1021 594 1102 sperat
616 1038 675 1081 uec
696 1017 798 1081 fracta
764 1021 1035 1082 tremurmurat
1058 1019 1152 1103 unda,

210 1116 264 1180 sed
286 1137 373 1180 mare
395 1115 588 1178 inoffensum
610 1114 764 1178 crescenti
788 1115 948 1178 adlabitur
971 1121 1072 1201 aestu,

210 1214 347 1278 advertit
371 1212 479 1276 subito
503 1233 632 1295 proram
656 1209 823 1293 sociosque
843 1215 1004 1294 precatur:

210 1312 315 1396 ‘nunc,
338 1333 357 1374 o
379 1310 462 1374 lecta
484 1331 608 1394 manus,
630 1307 744 1372 validis
767 1305 941 1370 incumbite
964 1309 1076 1393 remis3

209 1408 324 1492 tollite,
347 1408 427 1471 ferte
450 1410 549 1490 rates3
572 1403 734 1468 inimicam
756 1403 868 1466 findite
890 1405 1005 1468 rostris
1165 1422 1213 1470 ιιι

209 1507 327 1569 hauet
313 1509 441 1590 terram,
464 1503 649 1586 sulcumque
673 1500 736 1564 sibi
750 1503 883 1660 ¹premat
905 1501 976 1584 ipsa
999 1502 1115 1566 carina.

209 1603 356 1685 frangere
378 1621 436 1664 nec
458 1599 517 1662 tali
539 1599 729 1682 puppimst
731 1597 838 1662 atione
860 1619 971 1662 recuso

210 1701 373 1781 arreptat
303 1697 474 1761 tatellure
498 1696 614 1760 semel.⁷
660 1699 777 1778 quaet
763 1696 842 1760 talia
864 1700 1038 1779 postquam

211 1795 324 1858 effatus
349 1793 505 1878 Tarchon,
528 1791 606 1856 socii
629 1813 820 1876 consurgere
843 1794 947 1857 tonsis

211 1891 452 1975 spumantisque
474 1892 560 1952 rates
584 1889 668 1952 arvis
691 1889 808 1954 inferre
831 1888 966 1975 Latinis,
1163 1909 1211 1956 300

210 1989 310 2052 donec
332 1990 438 2051 rostra
461 1989 571 2050 tenent
595 1985 713 2049 siccum
737 1991 769 2049 et
793 1987 900 2052 sedere
923 1987 1048 2051 carinae

211 2107 320 2150 omnes
343 2085 507 2169 innocuae,
531 2083 585 2148 sed
606 2104 673 2146 non
694 2083 812 2172 puppis
836 2086 906 2167 tua,
930 2083 1085 2149 Tarchon.

210 2204 347 2266 namque
371 2180 493 2244 inflicta
515 2180 588 2244 vadi
611 2179 705 2243 dorso
729 2181 805 2243 dum
822 2179 940 2262 pendet
962 2181 1086 2268 inique,

211 2301 325 2363 anceps
349 2281 529 2342 sustentata
552 2276 615 2362 diu,
637 2275 818 2360 fluctusque
840 2276 967 2362 fatigat,

211 2377 347 2441 solvitur
371 2379 466 2458 atque
489 2374 575 2438 viros
598 2373 710 2437 mediis
734 2373 866 2456 exponit
888 2374 923 2437 in
945 2375 1054 2459 undis3
1163 2392 1208 2440 305

210 2473 369 2558 fragmina
391 2492 552 2534 remorum
576 2491 656 2554 quos
680 2475 712 2534 et
734 2469 897 2534 fluitantia
917 2475 1060 2535 transtra

210 2570 398 2654 impediunt,
420 2567 620 2650 retrahitque
642 2566 755 2650 pedem
779 2567 875 2630 simul
897 2568 982 2631 unda
1004 2569 1155 2632 relabens

254 2762 322 2828 Nec
344 2762 489 2826 Turnum
512 2762 619 2845 segnis
642 2761 760 2826 retinet
783 2783 882 2847 mora,
905 2762 960 2825 sed
982 2764 1068 2846 rapit
1092 2784 1158 2826 acer

210 2865 313 2924 totam
337 2859 437 2922 aciem
459 2858 494 2920 in
517 2857 655 2922 Teucros
679 2862 711 2921 et
734 2861 845 2922 contra
867 2859 903 2920 in
925 2858 1020 2922 litore
1044 2859 1137 2922 sistit.

211 2958 303 3041 signa
326 2960 452 3020 canunt.
498 2955 621 3038 primus
645 2959 768 3018 turmas
791 2953 911 3017 invasit
935 2955 1072 3038 agrestis
1163 2971 1206 3018 ³10

210 3054 345 3138 Aeneas,
368 3075 461 3116 omen
483 3073 618 3137 pugnae,
642 3051 820 3132 stravitque
843 3049 976 3114 Latinos

211 3151 315 3214 occiso
339 3149 494 3234 Therone,
517 3151 624 3213 virum
647 3149 702 3232 qui
725 3148 883 3211 maximus
907 3148 993 3212 ultro

209 3246 341 3310 Aenean
362 3245 459 3328 petit:
483 3245 558 3308 huie
581 3244 687 3329 gladio
711 3268 831 3330 perque
855 3268 945 3310 aerea
968 3249 1052 3331 suta,

209 3366 266 3427 per
289 3342 432 3406 tunicam
455 3343 654 3425 squalentem
678 3365 756 3406 auro
779 3344 865 3406 latus
889 3342 998 3406 haurit
1020 3347 1170 3424 apertum.

209 3441 283 3505 inde
306 3439 428 3502 Lichan
450 3440 534 3524 ferit,
557 3443 719 3502 exsectum
741 3441 805 3503 iam
828 3444 929 3502 matre
952 3444 1117 3523 perempta
1164 3453 1206 3506 315

210 3543 242 3602 et
266 3537 338 3622 tibi,
360 3534 498 3620 Phoebe,
522 3557 659 3600 sacrum:
684 3558 774 3602 casus
799 3535 930 3600 evadere
952 3535 1029 3599 ferri

1008 3850 1130 3948 A
