2580 3962
203 236 243 288 IV
518 237 565 289 DE
585 235 673 288 VITA
691 235 737 288 ΕΤ
757 234 914 289 SCRIPTIS

204 396 379 460 versiarum
394 395 477 458 libro
488 394 552 459 VH
565 418 594 478 p.
606 394 670 458 288
686 393 727 457 M.
747 396 1015 459 commemoravit.
1042 392 1218 456 tradidisse

204 497 311 556 autem
331 493 424 556 facilc
447 496 554 574 potest
573 492 605 554 in
626 491 789 574 deperdito
809 492 917 576 aliquo
936 491 1051 556 harum
1069 490 1218 572 ipsarum

204 590 492 653 controversiarum
505 587 589 651 libro
598 585 631 674 ¹).
664 592 826 671 praeterea
840 592 947 670 potest
962 587 1122 651 Asconius
1138 609 1217 650 usus

205 705 273 748 esse
286 683 421 749 Cornelii
436 681 550 769 (Galli,
564 684 597 746 ni
611 684 715 767 fallor,
728 683 971 748 familiarissimi
980 683 1126 767 Vergilio
1142 705 1217 766 poe-

204 777 270 866 tae)
284 781 335 843 vel
351 782 490 844 carmine
504 780 554 842 vel
572 802 668 863 prosa
685 782 828 844 oratione
843 782 962 864 scripto
978 781 1118 864 quodam
1132 803 1217 845 com-

204 877 375 961 mentario,
398 898 462 960 quo
486 878 514 940 is
533 873 683 961 'aenigma
702 873 900 943 1111Π106
919 880 1124 962 propositum
1142 879 1216 962 ipso

204 971 336 1036 Marone
357 977 486 1037 auctore
505 974 709 1056 explicaverit
733 973 818 1060 (vide
841 976 983 1060 prolegg.
1007 999 1036 1058 p.
1056 977 1098 1040 97
1112 998 1159 1059 sq.
1184 981 1217 1039 et

205 1069 244 1132 H.
261 1069 429 1155 Hagenum
450 1071 489 1133 ad
508 1069 616 1134 scholl.
632 1070 724 1134 Bern.
744 1073 940 1154 praefantem
958 1095 987 1155 p.
1000 1074 1063 1137 712
1075 1071 1147 1160 sq).
1174 1063 1176 1067 ¹

271 1167 322 1231 Ex
345 1168 458 1231 ceteris
481 1172 594 1250 poetae
618 1169 803 1250 aequalibus
830 1167 1001 1233 clulius
1020 1168 1217 1255 Hyginus,

204 1263 346 1348 Augusti
374 1265 523 1346 1111111111,
554 1265 609 1347 qui
637 1265 747 1328 doctos
776 1267 825 1328 ‘in
848 1265 1042 1350 Vergilium’
1073 1264 1215 1352 (Gellius

205 1359 221 1425 I
240 1359 296 1446 21)
320 1361 371 1424 vel
390 1362 438 1424 ‘de
456 1360 612 1445 Vergilio'
638 1359 735 1447 (idem
754 1361 830 1425 XVI
845 1364 875 1446 b,
890 1360 945 1448 14)
965 1365 1216 1427 commentarios

205 1459 405 1542 conscripsit,
427 1458 583 1540 numquid
606 1457 643 1520 de
665 1458 732 1521 vita
756 1481 883 1542 quoque
906 1461 1090 1541 exposuerit
1114 1463 1216 1524 nesci-

206 1578 287 1639 mus,
308 1555 371 1618 nisi
395 1556 477 1618 forte
500 1555 589 1618 illam
612 1554 649 1618 de
673 1553 775 1619 Nolae
794 1556 946 1618 memoria
968 1555 1003 1618 in
1026 1575 1073 1638 ge.
1092 1553 1126 1618 H
1150 1559 1216 1621 225

207 1654 392 1717 oblitterata
415 1652 564 1715 fabellam
592 1653 631 1716 ad
659 1653 726 1715 eius
754 1653 977 1716 auctoritatem
1001 1652 1217 1734 probabiliter

206 1751 399 1813 rettulerunt
422 1748 567 1812 homines
591 1749 677 1812 docti
701 1747 787 1834 (vide
809 1748 951 1832 prolegg.
979 1749 1042 1811 120
1058 1748 1129 1835 sq).

272 1845 488 1930 interpretum
510 1847 631 1929 primus
657 1850 811 1928 quantum
831 1845 947 1908 scimus
972 1843 1216 1930 (1111111001-

206 1947 285 2006 nuto
310 1947 342 2006 et
365 1941 470 2024 Aspre
494 1941 649 2004 traditum
671 1943 753 2006 nihil
776 1940 839 2028 est)
863 1941 904 2005 Μ.
925 1941 1105 2006 Valerius
1125 1941 1216 2008 Pro-

207 2041 276 2104 bus
300 2040 400 2103 vitam
414 2039 549 2120 Vergilii
573 2041 717 2121 quamvis
741 2040 881 2103 breviter
901 2039 936 2102 in
953 2039 1216 2123 hypomnematis

207 2139 380 2221 enarravit,
405 2137 488 2200 unde
512 2137 551 2200 ab
575 2137 722 2220 imperito
746 2137 875 2200 homine
898 2137 948 2200 vel
971 2137 1081 2218 potius
1104 2138 1215 2220 plures

207 2235 353 2317 deinceps
381 2255 438 2316 per
465 2227 577 2295 manus
605 2233 885 2316 neglegentissime
912 2238 1061 2314 excerpta
1087 2235 1217 2299 videtur

208 2354 276 2394 esse
299 2353 379 2414 quae
402 2351 486 2393 nunc
510 2330 558 2392 ‘de
578 2331 803 2394 commentario
823 2329 932 2394 Valeri
949 2328 1215 2396 Probi'sublata'

208 2429 429 2492 circumfertur
456 2427 569 2490 misere
596 2427 745 2490 mutilata
772 2428 828 2490 illa
852 2428 992 2511 quidem,
1022 2449 1087 2490 uno
1117 2430 1216 2493 etiam

207 2547 313 2590 errore
327 2513 515 2606 turpissimo
535 2521 744 2609 inquinata2),
763 2524 818 2586 scd
836 2529 967 2606 excepto
987 2524 1043 2607 qui
1062 2529 1216 2591 extremis

208 2622 340 2686 adsutus
364 2625 413 2684 est
436 2642 541 2702 panno
565 2621 602 2682 de
627 2618 745 2682 ‘Servii
764 2619 884 2682 Mauri’
908 2621 1139 2704 epigrammate
1162 2621 1215 2709 (cf.

207 2717 458 2781 Reifferscheidii
474 2721 609 2801 quaestt.
626 2714 776 2780 Suetonn.
796 2740 825 2800 p.
841 2715 1215 2803 398)interp01amentis

207 2816 362 2898 vanisque
380 2814 507 2876 fabellis
531 2814 641 2897 libera,
664 2835 856 2896 quamquam
875 2814 1052 2877 virtutibus
1073 2818 1216 2898 propriis

281 3005 300 3075 ¹)
324 3004 364 3058 of.
388 3021 460 3071 quae
480 3005 513 3058 de
532 3004 637 3059 Arellio
657 3004 745 3058 Fusco
765 3002 883 3073 Vergilii
902 3003 1045 3058 imitatore
1065 3010 1217 3060 narrantur

207 3075 543 3223 Ρ’5411(111111Α111111111111
566 3154 648 3209 Riese
676 3154 725 3207 ‘de
752 3153 951 3208 commentario
974 3153 1141 3224 Vergiliano
1167 3156 1216 3224 qui

207 3228 244 3281 M.
263 3225 371 3279 Valerii
392 3225 477 3278 Probi
494 3225 605 3279 nomine
625 3223 830 3277 circumfertur'
856 3230 933 3292 1124
956 3241 1084 3292 quaeque
1108 3226 1216 3297 ipsein

207 3296 381 3351 Fleckeiseni
408 3295 557 3349 annalibus
585 3295 692 3363 philoll.
718 3312 742 3347 a.
767 3300 834 3348 1863
860 3312 887 3363 p.
908 3300 958 3347 351
979 3313 1038 3364 sqq.
1064 3296 1215 3366 disputavi.

207 3369 251 3420 Ad
270 3368 406 3420 minorem
424 3384 504 3419 suum
521 3365 661 3419 Valerium
675 3366 796 3419 Probum
811 3365 904 3418 omnia
919 3366 1017 3419 reiecit
1030 3367 1163 3438 Steupius
1183 3369 1217 3420 de

207 3438 305 3492 Probis
316 3437 615 3508 ι(1111111111111111112ος
629 3437 666 3489 ad
675 3435 820 3503 Berytium
830 3438 953 3489 veterem
962 3436 1048 3489 rediit
1057 3438 1088 3492 B.
1096 3439 1217 3492 Kuebler

209 3510 255 3562 ‘de
271 3510 307 3562 M.
322 3507 428 3562 Valerii
447 3508 529 3561 Probi
549 3507 655 3575 Berytii
674 3505 879 3560 commentariis
894 3506 1082 3576 Vergilianis’
1101 3515 1176 3564 1881.
