2574 3964
344 265 492 320 vanum
511 237 722 324 eucnemon
739 267 765 322 11
861 315 864 322 .

67 427 113 490 sin
132 427 193 492 has
214 449 256 492 ne
278 427 402 511 possim
424 432 558 494 naturae
581 429 726 494 accedere
749 432 851 515 partis

17 529 18 588 l
66 524 197 608 frigidus
220 525 386 588 obstiterit
408 525 528 590 circum
550 527 734 610 praecordia
757 528 902 612 sanguis:

17 617 18 632 ¹
66 644 135 684 rura
156 621 239 684 mihi
261 626 295 686 et
316 622 403 706 rigui
424 623 571 706 placeant
592 624 628 687 in
649 623 788 688 vallibus
811 647 937 711 amnes,
1016 642 1068 690 485

66 719 194 782 flumina
217 741 321 783 amem
345 720 506 803 silvasque
513 720 694 812 Q
741 742 760 785 o
783 721 840 786 ubi
863 722 966 806 campi

67 814 297 899 Sperchiosque
319 819 352 879 et
373 815 554 900 virginibus
577 815 730 881 bacchata
752 816 904 883 Lacaenis

67 912 218 998 Taygeta,
242 933 261 976 o
285 913 341 996 qui
363 934 415 977 me
439 913 551 997 gelidis
575 915 772 978 convallibus
796 914 912 980 Haemi

68 1011 173 1095 sistat,
197 1014 230 1074 et
252 1009 378 1093 ingenti
400 1031 563 1074 ramorum
585 1015 735 1096 protegat
757 1012 887 1077 umbra!

67 1107 152 1192 felix,
177 1107 234 1190 qui
256 1107 365 1190 potuit
386 1128 495 1171 rerum
518 1129 708 1192 cognoscere
732 1131 857 1195 causas,
1017 1127 1069 1176 490

68 1208 157 1286 atque
179 1207 288 1268 metus
311 1203 416 1266 omnis
440 1207 473 1267 et
495 1204 692 1270 inexorabile
714 1206 817 1270 fatum

66 1301 197 1365 subiecit
220 1300 356 1384 pedibus
381 1301 614 1384 strepitumque
636 1300 829 1366 Acherontis
853 1303 949 1368 avari.

66 1400 247 1462 fortunatus
271 1401 304 1461 et
325 1397 394 1483 ille,
417 1398 492 1461 deos
516 1397 686 1481 quinovit
709 1401 846 1483 agrestis

65 1493 212 1579 Panaque
235 1492 464 1578 Silvanumque
487 1516 596 1558 senem
617 1495 840 1580 nymphasque
863 1519 998 1564 sorores.

66 1592 152 1655 illum
175 1612 244 1655 non
266 1591 378 1674 populi
400 1591 516 1678 fasces,
537 1613 604 1655 non
625 1615 768 1676 purpura
790 1615 905 1679 regum
1018 1613 1068 1661 495

66 1689 150 1752 flexit
175 1692 208 1753 et
230 1689 346 1752 infidos
371 1688 497 1773 agitans
521 1688 679 1754 discordie
701 1690 818 1755 fratres

66 1789 116 1848 aut
139 1784 309 1848 coniurato
332 1784 523 1849 descendens
547 1784 653 1850 Dacus
677 1786 717 1851 ab
741 1787 869 1873 Histro,

65 1903 126 1944 non
146 1903 200 1945 res
223 1879 388 1945 Romanae
410 1881 617 1967 perituraque
638 1905 752 1968 regne,
773 1906 877 1968 neque
900 1887 955 1950 ille

65 1981 117 2042 aut
139 1978 245 2042 doluit
267 1978 423 2042 miserans
446 1979 575 2062 inopem
599 1983 654 2044 aut
677 1980 793 2044 invidit
815 1982 956 2048 habenti.

66 2098 142 2159 quos
166 2075 249 2140 rami
272 2076 410 2160 fructus,
432 2098 514 2159 quos
537 2078 608 2161 ipsa
630 2078 771 2141 volentia
793 2100 869 2143 rura
1018 2100 1069 2148 sco

66 2177 178 2256 sponte
200 2174 304 2236 tulere
327 2195 398 2257 sua,
421 2174 554 2260 carpsit,
576 2196 635 2239 nec
656 2174 759 2239 ferrea
781 2175 852 2239 iura

64 2270 275 2353 insanumque
297 2269 404 2334 forum
427 2275 483 2334 aut
505 2272 617 2355 populi
639 2271 798 2336 tabularia
820 2273 909 2337 vidit.

66 2367 240 2432 sollicitant
263 2367 318 2430 alii
340 2367 437 2432 remis
460 2368 543 2432 freta
566 2391 656 2432 caeca
678 2373 841 2453 ruuntque

65 2464 96 2527 in
116 2465 254 2550 ferrum,
276 2469 444 2548 penetrant
468 2466 556 2529 aulas
580 2470 612 2530 et
635 2466 747 2530 limina
769 2487 894 2551 regum3

64 2561 114 2626 hic
135 2563 220 2646 petit
242 2562 373 2626 excidiis
395 2563 510 2626 urbem
532 2563 732 2646 miserosque
753 2563 894 2649 penatis,
1019 2584 1070 2632 505

66 2663 98 2722 ut
120 2681 249 2744 gemma
272 2659 363 2724 bibat
386 2663 419 2723 et
442 2657 580 2726 Sarrano
604 2661 743 2724 dormiat
766 2664 871 2745 ostr03

65 2758 170 2821 condit
193 2779 270 2840 opes
293 2757 375 2820 alius
399 2757 588 2842 defossoque
611 2758 743 2822 incubat
767 2779 860 2842 aur03

64 2852 113 2918 hic
136 2859 247 2938 stupet
269 2854 428 2918 attonitus
451 2857 580 2941 rostris3
603 2855 689 2920 hune
711 2855 843 2938 plausus
865 2855 1010 2921 hiantem

65 2973 117 3032 per
140 2973 258 3015 cuneos
282 2951 463 3036 geminatus
487 2953 572 3016 enim
595 2952 762 3035 plebisque
785 2957 978 3038 patrumque
1053 3003 1055 3008 -

65 3048 230 3132 corripuit3
254 3048 393 3132 gaudent
416 3049 538 3133 perfusi
561 3049 715 3134 sanguine
738 3049 891 3136 fratrum,
1019 3071 1071 3119 510

65 3145 222 3229 exilioque
245 3145 356 3209 domos
381 3149 412 3209 et
435 3146 539 3210 dulcia
561 3147 673 3210 limina
695 3150 826 3210 mutant

65 3247 157 3325 atque
181 3242 245 3306 alio
268 3243 406 3326 patriam
430 3248 587 3327 quaerunt
611 3245 671 3308 sub
696 3245 763 3308 sole
785 3244 948 3309 iacentem.

65 3339 203 3422 agricola
224 3339 356 3402 incurvo
380 3344 500 3405 terram
524 3342 658 3406 dimovit
683 3345 806 3405 aratro:

64 3433 113 3500 hic
136 3437 212 3500 anni
234 3435 340 3521 labor,
362 3435 437 3501 hinc
460 3438 598 3520 patriam
621 3458 801 3521 parvosque
823 3441 954 3520 penates

65 3534 214 3619 sustinet,
235 3531 311 3597 hinc
334 3537 479 3598 armenta
497 3534 595 3598 boum
614 3534 810 3616 meritosque
828 3535 988 3598 iuvencos.
1020 3549 1070 3596 515
1161 3553 1163 3561 ’
