2576 3970
420 281 567 336 VERGILI
585 280 718 336 aarum
731 281 770 336 Vl
1035 281 1101 346 245

98 441 298 526 descendens,
321 463 419 527 gener
443 442 584 506 adversis
608 441 785 506 instructus
809 443 888 506 eois!

96 562 144 625 ne,
166 539 267 624 pueri,
288 560 329 602 ne
352 541 444 602 tanta
467 539 582 602 animis
606 539 783 604 adsuescite
805 540 890 604 bella

96 659 157 701 neu
180 636 304 719 patriae
327 635 449 714 validas
472 635 508 698 in
530 635 652 700 viscera
674 638 790 702 vertite
814 638 911 723 vires3

96 739 195 817 tuque
218 732 316 818 prior,
338 735 375 795 tu
398 753 502 816 parce,
524 753 625 817 genus
649 734 705 817 qui
728 735 816 798 ducis
840 732 991 818 Olympo:

95 831 202 914 proice
226 829 291 893 tela
313 849 421 914 manu,
445 830 575 914 sanguis
598 833 701 895 meust
1048 850 1100 898 888

97 927 167 1012 quis
191 925 305 1010 procul
327 925 382 988 ille
406 929 513 990 autem
536 927 633 991 ramis
657 927 794 1012 insignis
819 929 921 994 olivae
1049 945 1101 994 888

97 1046 185 1088 sacra
208 1023 337 1087 ferens?
359 1044 458 1086 nosco
482 1023 579 1087 crinis
602 1024 778 1108 incanaque
800 1031 909 1090 menta

95 1121 181 1206 regis
204 1119 353 1203 Romani,
375 1120 510 1202 primam
535 1121 591 1204 qui
613 1121 740 1206 legibus
764 1123 877 1187 urbem
1049 1139 1101 1190 810

95 1218 254 1302 fundabit,
277 1214 417 1281 Curibus
440 1217 547 1299 parvis
571 1221 603 1281 et
625 1241 765 1303 paupere
788 1224 874 1284 terra

94 1316 214 1379 missus
236 1314 272 1377 in
293 1313 464 1397 imperium
485 1334 645 1399 magnum.
692 1316 769 1400 quoi
792 1317 904 1381 deinde
928 1317 1051 1382 subibit

96 1413 163 1476 otia
186 1411 242 1496 qui
264 1413 392 1493 rumpet
415 1410 539 1493 patriae
561 1411 744 1496 residesque
766 1414 909 1478 movebit

94 1509 209 1572 Tullus
231 1508 267 1571 in
290 1529 378 1571 arma
400 1507 487 1571 viros
510 1511 542 1570 et
564 1507 629 1571 iam
652 1509 782 1574 desueta
805 1510 978 1594 triumphis

95 1606 232 1692 agmina.
279 1625 374 1687 quem
396 1603 487 1668 iuxta
511 1604 657 1687 sequitur
679 1606 851 1670 iactantior
873 1606 992 1695 Ancus,
1050 1627 1101 1675 815

94 1725 181 1768 nunc
204 1722 333 1786 quoque
355 1701 420 1764 iam
442 1701 578 1764 nimium
600 1701 742 1785 gaudens
765 1701 974 1784 popularibus
998 1705 1092 1768 auris.

94 1802 145 1865 vis
168 1803 202 1863 et
223 1797 417 1880 Tarquinios
440 1817 532 1881 reges
556 1799 757 1882 animamque
780 1799 951 1881 superbam

94 1897 213 1963 ultoris
236 1895 331 1958 Bruti
354 1895 520 1977 fascesque
542 1895 649 1959 videre
671 1895 838 1978 receptos?

94 1993 238 2060 consulis
262 1991 432 2076 imperium
454 1991 507 2054 hic
529 1992 651 2074 primus
676 2013 849 2075 saevasque
872 2014 997 2057 secures

95 2089 240 2174 accipiet,
261 2091 420 2170 natosque
442 2092 534 2171 pater
556 2109 641 2152 nova
664 2088 748 2152 bella
770 2089 928 2152 moventis
1050 2108 1102 2156 880

95 2189 137 2252 ad
159 2207 296 2271 poenam
318 2184 452 2268 pulchra
473 2207 533 2268 pro
556 2185 707 2248 libertate
730 2185 872 2270 vocabit,

94 2285 219 2369 infelix,
240 2287 414 2365 utcumque
436 2282 540 2346 ferent
563 2304 599 2346 ea
621 2281 706 2346 facta
728 2282 881 2346 minores:

94 2384 204 2448 vincet
228 2401 318 2443 amor
340 2378 463 2462 patriae
486 2378 679 2462 laudumque
702 2379 1004 2463 immensa—cupido.
1046 2404 1051 2427 ¹
1093 2373 1118 2412 ²·

1048 2341 1053 2387 l

96 2481 176 2565 quin
198 2477 315 2542 Decios
338 2474 527 2559 Drusosque
549 2477 662 2559 procul
685 2497 876 2560 saevomque
900 2477 1003 2540 securi
1044 2430 1049 2491 A

96 2577 203 2662 aspice
226 2574 426 2657 Torquatum
449 2577 481 2636 et
503 2574 694 2637 referentem
717 2573 810 2657 signa
833 2571 1013 2636 Camillum.
1051 2591 1103 2638 825

94 2675 151 2739 ille
175 2670 375 2754 triumphata
398 2668 559 2754 Capitolia
582 2671 620 2734 ad
644 2669 709 2734 alta
732 2667 889 2734 Corintho
1052 2685 1104 2735 888

95 2771 202 2836 victor
225 2772 298 2852 aget
321 2789 459 2852 currum,
481 2767 581 2831 caesis
605 2766 743 2852 insignis
766 2765 907 2830 Achivis„

96 2871 189 2932 eruet
211 2865 267 2930 ille
289 2863 397 2949 Argos
419 2863 753 2949 Agamemnoniasque
775 2863 925 2947 Mycenas

96 2966 269 3048 ipsumque
290 2961 460 3047 Aeaciden,
482 2981 583 3046 genus
607 2960 831 3044 armipotentis
855 2957 988 3044 Achilli,

96 3063 186 3125 ultus
210 3081 287 3124 avos
310 3058 424 3123 Troiae
447 3059 567 3141 templa
590 3063 622 3122 et
644 3061 800 3122 temerata
821 3056 992 3121 Minervae.
1052 3073 1104 3123 840

97 3158 170 3243 quis
189 3161 232 3243 te,
249 3176 363 3241 magne
378 3153 469 3241 Cata,
487 3156 621 3218 tacitum
640 3159 696 3219 aut
714 3159 756 3238 te,
775 3152 883 3237 Cossa,
901 3153 1084 3235 relinquat?

97 3256 171 3340 quis
195 3251 331 3319 Gracchi
354 3275 455 3338 genus
480 3256 535 3316 aut
558 3252 713 3338 geminos,
736 3251 797 3315 duo
821 3249 956 3314 fulmina
978 3249 1065 3335 belli,

97 3350 272 3436 Scipiadas,
294 3350 415 3414 cladem
437 3347 568 3435 Libyae,
590 3370 753 3433 parvoque
775 3350 941 3432 potentem
1077 3351 1081 3360 '

96 3447 281 3514 Fabricium
303 3447 354 3512 vel
377 3447 531 3534 te-sulco,
555 3443 698 3531 Serrana,
722 3445 901 3514 serentem?

97 3567 161 3631 quo
185 3545 306 3610 fessum
328 3544 453 3629 rapitis,
475 3542 591 3608 Fabii?
614 3547 675 3607 tun
697 3542 857 3606 Maximus
880 3541 934 3604 ille
958 3561 1007 3624 es,
1052 3555 1105 3604 848
