2556 3966
434 1061 472 1134 P.
500 1061 696 1133 VERGILI
733 1059 946 1132 MARONIS

397 1199 996 1316 Anunrnos

468 1425 599 1490 LIBER
621 1424 916 1491 DUODEOIMUS.

236 1567 362 1632 Turnus
385 1573 422 1632 ut
445 1568 599 1632 infractos
624 1567 754 1631 adverso
778 1566 882 1631 Marte
905 1567 1038 1632 Latinos

191 1666 341 1730 defecisse
365 1666 460 1750 videt,
484 1688 542 1730 sua
563 1686 649 1728 nuno
671 1663 829 1747 promissa
852 1665 986 1750 reposci,

192 1784 225 1826 se
249 1762 370 1846 signari
393 1761 504 1848 oculis,
526 1761 613 1824 ultro
636 1760 837 1843 inplacabilis
861 1761 950 1825 ardet

192 1859 375 1943 attollitque
399 1859 530 1923 animos.
575 1857 756 1922 Poenorum
779 1857 883 1941 qualis
906 1858 941 1920 in
964 1859 1048 1922 arvis

192 1957 317 2020 saucius
341 1955 396 2020 ille
419 1957 509 2041 gravi
531 1959 704 2020 venantum
726 1955 855 2018 volnere
877 1958 989 2038 pectus
1191 1974 1209 2022 5
1269 1959 1270 1964 ’

191 2058 261 2117 tum
284 2054 411 2118 demum
433 2057 541 2118 movet
564 2075 652 2117 arma
673 2051 723 2114 leo
748 2053 928 2136 gaudetque
952 2053 1110 2118 comantis

192 2151 354 2214 excutiens
378 2150 497 2214 cervice
520 2153 609 2214 toros
631 2148 794 2231 fixumque
817 2149 953 2213 latronis

190 2247 359 2330 inpavidus
382 2247 504 2331 frangit
526 2246 626 2310 telum
649 2248 681 2308 et
704 2245 813 2309 fremit
838 2268 890 2310 ore
914 2251 1060 2312 cruento:

190 2342 270 2407 haut
294 2365 383 2407 secus
407 2365 537 2408 accenso
561 2341 668 2428 gliscit
690 2341 843 2406 violentia
867 2341 984 2408 Turno.

191 2445 261 2504 tum
285 2441 330 2504 sio
353 2434 479 2504 adfatur
501 2459 608 2523 regem
632 2442 727 2521 atque
750 2439 797 2502 ita
819 2439 966 2504 turbidus
988 2441 1073 2506 infit:
1172 2463 1207 2508 10
1269 2429 1270 2480 Ῑ

192 2538 291 2601 ‘nulla
313 2559 404 2600 mora
426 2537 461 2599 in
483 2535 605 2619 Turn03
628 2534 710 2597 nihil
734 2539 783 2598 cst
807 2536 892 2621 quod
915 2536 1001 2600 dicta
1022 2541 1208 2604 retractent

191 2633 299 2719 ignavi
322 2632 498 2720 Aeneadae,
519 2653 577 2696 nec
600 2653 680 2716 quae
703 2632 852 2717 pepigere
875 2638 1037 2698 recusent:

118 2754 119 2758 ¹
191 2730 386 2815 congredior.
431 2729 480 2793 fer
503 2751 601 2814 sacra,
622 2731 723 2816 pater,
745 2732 778 2792 et
801 2729 929 2813 concipe
952 2729 1072 2795 foedus

192 2831 247 2891 aut
269 2827 329 2891 hac
351 2825 550 2890 Dardanium
573 2825 683 2889 dextra
707 2826 766 2890 sub
790 2825 925 2891 Tartara
947 2828 1084 2914 mittam,

191 2925 384 2988 desertorem
406 2921 503 2988 Asiae
526 2919 671 3008 (sedeant
694 2926 901 3007 spectentque
924 2923 1057 3012 Latini),
1169 2947 1204 2992 15

191 3025 223 3084 et
247 3021 334 3084 solus
357 3021 441 3084 ferro
466 3019 585 3082 crimen
608 3040 775 3084 commune
797 3021 950 3106 refellam,

191 3122 246 3182 aut
269 3117 387 3181 habeat
409 3118 521 3203 victos,
544 3116 635 3180 cedat
658 3115 791 3182 Lavinia
814 3118 973 3181 coniunx?

236 3213 300 3279 Olli
324 3214 432 3278 sedato
456 3213 622 3297 respondit
644 3213 736 3278 corde
759 3213 907 3280 Latinus:

191 3313 221 3376 ‘o
245 3314 410 3394 praestans
435 3311 534 3374 animi
556 3311 691 3396 iuvenis,
714 3313 871 3393 quantum
894 3312 963 3394 ipse
986 3311 1083 3376 feroci

189 3410 309 3474 virtute
333 3428 513 3492 exsuperas,
535 3412 626 3471 tanto
650 3429 700 3470 me
723 3407 898 3489 impensius
922 3428 1032 3470 aecum
1054 3412 1104 3471 est
1166 3429 1201 3476 ro
1269 3425 1270 3432 ’

188 3506 353 3570 consulere
378 3506 473 3586 atque
497 3503 600 3569 omnis
623 3507 817 3566 metuentem
841 3503 1016 3586 expendere
1040 3525 1141 3570 casus.
