2612 3964
428 264 577 320 VERGILI
595 265 727 320 AENEIS
746 267 758 319 I

87 425 214 510 expleri
235 431 378 492 mentem
400 428 514 511 nequit
537 427 737 511 ardescitque
758 429 877 493 tuendo

86 523 283 608 Phoenissa,
306 527 339 588 et
361 524 482 608 pariter
504 546 603 608 puero
627 524 784 608 donisque
805 526 983 590 movetur*

86 620 145 684 ille
168 620 228 684 ubi
251 620 421 703 complexu
443 619 570 685 Aeneae
593 623 741 706 colloque
763 623 913 705 pependit
1053 639 1104 687 715

87 721 121 780 et
145 738 302 801 magnum
324 717 399 780 falsi
421 717 567 800 implevit
591 719 748 804 genitoris
773 742 927 804 amorem,

86 814 237 898 reginam
260 813 351 896 petit.
397 813 475 879 haec
499 815 613 901 oculis,
635 815 714 879 haec
736 820 864 898 pectore
887 820 958 880 toto

86 911 203 974 haeret
226 915 258 974 et
280 910 442 974 interdum
465 912 587 995 gremio
611 913 715 997 fovet,
737 913 838 976 inscia
861 913 959 998 Dido,

86 1007 212 1070 insidat
236 1011 377 1090 quantus
399 1007 533 1072 miserae
557 1009 643 1074 deus.
689 1012 723 1072 at
745 1031 867 1074 memor
890 1011 944 1074 ille

86 1105 206 1168 matris
229 1103 393 1167 Acidaliae
415 1105 572 1188 paulatim
596 1105 724 1171 abolere
747 1103 925 1190 Sychaeum
1052 1124 1103 1172 770

86 1202 206 1286 incipit
229 1206 262 1265 et
284 1201 357 1265 vivo
381 1205 520 1286 temptat
542 1205 744 1286 praevertere
767 1225 875 1267 amore

86 1301 155 1364 iarn
179 1298 303 1382 pridem
326 1299 447 1364 resides
471 1299 595 1364 animos
619 1301 813 1383 desuetaque
837 1301 938 1364 corda.

133 1395 313 1478 Postquam
337 1397 441 1480 prima
464 1397 554 1480 quies
578 1397 680 1480 epulis
703 1418 893 1480 mensaeque
916 1400 1072 1483 remotae,

87 1498 234 1558 crateras
257 1515 392 1578 magnos
417 1498 565 1558 statuunt
588 1499 620 1558 et
643 1495 718 1559 vina
740 1501 903 1559 coronant.

86 1593 116 1655 it
141 1591 298 1674 strepitus
321 1591 415 1655 tectis
439 1613 612 1674 vocemque
635 1613 692 1674 per
715 1592 824 1675 ampla*
842 1592 991 1656 volutant
1052 1609 1103 1657 705

87 1689 189 1772 atria3
213 1687 391 1770 dependent
411 1687 534 1772 lychini
557 1687 761 1771 laquearibus
785 1689 890 1752 aureis

86 1785 228 1870 incensi,
251 1789 284 1848 et
306 1789 434 1848 noctem
456 1783 593 1848 flammis
617 1784 739 1847 funalia
762 1785 902 1849 vincunt.

85 1883 144 1946 hic
167 1881 280 1966 regina
302 1902 432 1967 gravem
454 1881 588 1966 gemmis
613 1903 753 1964 auroque
777 1882 925 1966 poposcit

87 1979 302 2063 implevitque
325 2001 412 2042 mero
435 1983 593 2063 pateram,
616 1999 712 2062 quarn
735 1978 832 2042 Belus
856 1982 888 2042 et
912 2001 1021 2044 omnes

87 2102 109 2141 a
133 2077 212 2140 Belo
237 2076 341 2160 soliti,
363 2081 434 2139 tum
457 2076 541 2139 facta
564 2074 693 2138 silentia
715 2077 823 2140 tectis:
1052 2095 1102 2144 730

88 2174 266 2259 ‘Iuppiter,
288 2173 473 2256 hospitibus
497 2195 572 2236 nam
594 2176 627 2235 te
650 2172 725 2236 dare
748 2173 818 2236 iura
840 2173 1005 2260 locuntur,

85 2272 178 2334 hunc
199 2271 322 2334 laetum
344 2269 514 2352 Tyriisque
537 2269 621 2332 diem
644 2269 802 2354 Troiaque
825 2271 977 2354 profectis

87 2390 161 2433 esse
184 2367 278 2452 velis,
300 2369 494 2450 nostrosque
516 2366 613 2429 huius
637 2367 819 2430 meminisse
841 2368 989 2432 minores.

75 2461 177 2528 'adsit
198 2464 342 2528 laetitiae
365 2463 508 2528 Bacchus
532 2463 625 2526 dator
648 2467 680 2526 et
703 2463 788 2528 bona
810 2463 906 2548 lun03

87 2567 123 2627 et
146 2583 205 2626 vos
230 2584 249 2626 o
273 2565 414 2646 coetum,
437 2560 543 2646 Tyrii,
565 2559 723 2624 celebrate
746 2561 909 2625 faventes?
1051 2579 1101 2627 735

87 2659 186 2744 dixit,
209 2658 301 2722 etin
323 2679 466 2723 mensam
488 2657 621 2721 laticum
643 2657 757 2721 libavit
780 2657 949 2742 honorem,

87 2757 258 2840 primaque
281 2755 383 2820 libato
407 2776 532 2818 summo
555 2758 649 2818 tenus
675 2755 787 2839 attigit
812 2777 880 2840 ore,

86 2861 160 2918 tum
182 2853 289 2917 Bitiae
312 2853 399 2916 dedit
421 2851 630 2934 increpitans3
653 2851 708 2914 ille
731 2851 868 2935 impiger
890 2851 999 2916 hausit

87 2953 295 3036 spumantem
317 2954 463 3033 pateram
485 2952 517 3012 et
540 2948 635 3031 pleno
660 2970 693 3011 se
716 2948 838 3030 proluit
861 2971 954 3034 auro,

86 3051 164 3132 post
187 3046 244 3110 alii
267 3067 423 3129 proceres
470 3044 593 3109 cithara
616 3045 751 3108 crinitus
774 3044 869 3128 lopas
1050 3065 1101 3113 740

87 3147 242 3229 personat
266 3147 392 3228 aurata,
415 3143 523 3207 docuit
547 3163 642 3224 quem
664 3142 822 3206 maximus
846 3141 971 3209 Atlans,

86 3242 140 3305 hic
164 3240 251 3304 canit
275 3244 435 3304 errantem
458 3240 568 3303 lunam
593 3239 734 3324 solisque
757 3240 898 3326 labores,

85 3338 172 3401 unde
193 3337 362 3402 hominum
385 3357 486 3421 genus
510 3339 542 3398 et
560 3338 705 3423 pecudes,
727 3337 810 3401 unde
829 3338 931 3402 imber
950 3343 982 3402 et
1001 3339 1101 3426 ignes,

86 3435 267 3520 [arcturum
290 3433 480 3518 pluviasque
502 3433 624 3516 hyadas
648 3434 856 3518 geminosque
879 3436 1028 3522 triones,]

84 3531 167 3616 quid
189 3535 318 3594 tantum
342 3529 466 3594 Oceano
490 3535 663 3614 properent
687 3553 720 3595 se
743 3531 890 3616 tinguere
915 3533 998 3597 soles
1050 3551 1100 3600 745
