2514 3966
380 283 527 338 VERGILI
545 283 676 338 AENEIS
694 284 720 338 X
993 282 1059 346 325

74 445 196 510 obstabit
218 444 333 528 Tyriis.
381 445 457 529 quid
480 448 604 529 pestem
627 446 758 510 evadere
780 443 857 508 belli
1025 461 1058 508 oo

73 543 140 606 iuvit
160 545 189 605 et
209 540 380 626 Argolicos
403 541 543 606 medium
567 541 689 626 fugisse
712 565 768 626 per
792 541 877 628 ignis
1248 617 1249 624 ἵ

72 643 167 722 totque
187 639 283 702 maris
306 643 480 722 vastaeque
503 638 658 702 exhausta
681 639 822 722 pericula
844 643 957 722 terrae,
1036 619 1047 724 t
1247 625 1249 782 ι

8 785 9 792 ,
72 736 133 798 dum
152 735 278 800 Latium
301 735 415 800 Teucri
438 735 639 820 recidivaque
662 735 817 820 Pergama
841 736 1020 819 quaerunt?

9 839 10 844 ’
71 854 124 897 non
144 833 240 897 satius
263 833 384 897 cineres
408 833 532 916 patriae
554 832 708 896 insedisse
734 854 900 916 supremos

71 934 150 1013 atque
172 930 284 1015 solum,
307 952 370 1014 quo
394 929 491 993 Troia
512 929 596 992 fuit?
619 927 784 993 Xanthum
803 934 835 993 et
854 927 1058 994 Simo'e'ntaso

8 1049 9 1114 }
70 1027 156 1112 redde,
177 1048 243 1112 oro,
265 1027 391 1091 miseris
414 1027 595 1110 iterumque
617 1026 780 1090 revolvere
803 1047 895 1090 casus

70 1124 109 1209 da,
127 1128 223 1208 pater,
244 1124 360 1188 Iliacos
384 1123 535 1187 Teucris?
581 1127 652 1186 tum
674 1122 763 1207 regia
785 1121 867 1187 Iuno

8 1229 9 1284 i
70 1226 128 1286 acta
147 1222 253 1285 furore
276 1221 368 1306 gravi
392 1221 482 1304 ‘quid
504 1241 554 1285 me
578 1219 644 1283 alta
667 1219 795 1283 silentia
818 1220 906 1304 cogis
1082 1215 1098 1400 l

8 1383 9 1390 χ
70 1339 198 1401 rumpere
221 1321 253 1381 et
277 1317 451 1382 obductum
474 1316 581 1380 verbis
604 1317 734 1400 volgare
758 1317 920 1381 dolorem?

8 1411 9 1496 J
73 1418 182 1480 Aenean
203 1415 371 1480 hominum
395 1415 565 1498 quisquam
588 1415 757 1498 divomque
781 1413 909 1498 subegit
1027 1429 1060 1478 oc

8 1507 9 1538 ³
70 1514 140 1577 bella
162 1513 251 1597 sequi
274 1515 330 1576 aut
353 1511 481 1575 hostem
503 1512 573 1595 regi
597 1531 630 1575 se
653 1511 771 1574 inferre
793 1509 932 1575 Latino?

8 1607 9 1650 3
69 1610 180 1674 ltaliam
201 1610 297 1694 petiit
319 1609 395 1672 fatis
419 1609 604 1672 auctoribus
628 1605 729 1694 (esto)

71 1705 250 1772 Cassandrae
272 1707 430 1790 impulsus
453 1705 560 1769 furiis:
582 1727 661 1769 num
682 1705 826 1788 linquere
850 1710 954 1770 castra

71 1805 176 1868 hortati
199 1825 309 1868 sumus
333 1806 389 1866 aut
411 1803 512 1866 vitam
535 1803 734 1866 committere
757 1802 871 1887 ventis,

72 1923 136 1964 num
156 1922 252 1984 puero
277 1921 433 1963 summam
456 1899 543 1985 belli,
564 1921 642 1962 num
666 1899 790 1962 credere
818 1921 937 1984 muros,
1027 1915 1060 1964 το

72 1998 315 2082 Tyrrhenamque
337 1997 432 2060 fidem
455 2000 511 2060 aut
534 1997 640 2081 gentis
664 1996 785 2080 agitare
809 1996 953 2078 quietas?

72 2097 131 2178 quis
153 2095 227 2158 deus
251 2094 285 2156 in
307 2091 461 2177 fraudem,
484 2113 564 2174 quae
587 2092 666 2156 dura
688 2093 833 2175 potentia
855 2094 959 2156 nostri

72 2192 145 2276 egit?
166 2191 222 2254 ubi
244 2190 297 2254 hic
318 2187 400 2252 Iuno
425 2189 600 2252 demissave
618 2187 760 2251 nubibus
783 2187 867 2251 Iris?

71 2287 222 2372 indignum
244 2291 294 2350 est
316 2286 417 2351 Italos
441 2285 570 2350 Troiam
593 2285 786 2349 circumdare
809 2285 945 2350 flammis

70 2389 237 2449 nascentem
261 2388 293 2448 et
315 2384 420 2467 patria
444 2383 587 2446 Turnum
609 2383 783 2447 consistere
806 2386 901 2469 terra,
1029 2401 1062 2448 75

70 2483 112 2546 cui
131 2481 297 2547 Pilumnus
320 2503 407 2566 avos,
430 2481 480 2544 cui
503 2480 576 2544 diva
598 2479 726 2543 Venilia
748 2484 863 2543 mater:

70 2580 135 2662 quid
155 2580 222 2643 face
244 2577 401 2642 Troianos
426 2582 495 2641 atra
518 2577 583 2641 vim
605 2577 688 2640 ferre
711 2575 846 2662 Latinis,

70 2700 134 2740 arva
155 2677 257 2742 aliena
280 2676 356 2760 iugo
380 2697 521 2758 premere
544 2678 640 2758 atque
663 2679 806 2738 avertere
828 2675 982 2757 praedas?

70 2775 134 2857 quid
157 2796 282 2840 soceros
305 2774 411 2858 legere
434 2777 466 2838 et
489 2772 619 2857 gremiis
644 2771 798 2835 abducere
820 2776 940 2857 pactas,

69 2892 165 2952 pacem
188 2893 281 2935 orare
302 2891 409 2953 manu,
431 2869 606 2953 praefigere
629 2868 791 2952 puppibus
815 2868 923 2932 arma?
1029 2886 1063 2936 80

69 2971 99 3031 tu
118 2973 207 3052 potes
231 2966 363 3031 Aenean
384 2967 532 3030 manibus
556 2966 731 3030 subducere
755 2963 887 3028 Graium

69 3085 177 3149 proque
199 3065 269 3128 viro
292 3063 443 3126 nebulam
467 3067 499 3126 et
520 3067 634 3126 ventos
659 3063 830 3127 obtendere
852 3063 966 3148 inanis,

70 3164 99 3224 tu
119 3167 206 3245 potes
230 3162 265 3224 in
288 3161 423 3224 totidem
446 3160 580 3224 classem
602 3163 785 3224 convertere
803 3160 974 3243 nymphas:

69 3278 119 3322 nos
140 3258 259 3344 aliquid
282 3257 422 3322 Rutulos
446 3261 557 3321 contra
580 3257 700 3320 iuvisse
722 3257 895 3320 nefandum
918 3258 990 3320 est?

70 3353 203 3420 “Aeneas
226 3357 359 3440 ignarus
383 3353 510 3419 abest'':
534 3355 666 3438 ignarus
692 3357 723 3417 et
748 3353 840 3416 absit.
1031 3370 1064 3417 85

69 3456 111 3514 est
130 3452 255 3538 Paphus
278 3451 477 3535 Idaliumque
500 3451 571 3536 tibi,
595 3454 671 3514 sunt
694 3451 759 3513 alta
778 3447 930 3532 Cythera:

69 3547 135 3627 quid
157 3549 319 3634 gravidam
342 3548 436 3612 bellis
459 3547 572 3612 urbem
597 3551 628 3611 et
652 3548 746 3611 corda
769 3567 880 3640 aspera
903 3545 1065 3628 temptas?
1139 3618 1142 3629 Ι
