2580 3962
304 235 334 288 P.
349 234 496 288 VERGlLl
515 235 678 289 MARONIS
697 235 893 289 NAthATIO.
1041 235 1105 287 Xlll

91 396 369 480 ‘condiscipulus'
398 393 537 480 Vergilii
564 396 663 460 fuisse
691 396 842 480 traditur,
873 397 1010 460 fortasse
1042 397 1106 460 iam

91 492 272 558 Cremonae
292 493 344 556 vel
361 491 535 556 Mediolani
555 493 727 575 puerilium
746 493 925 556 studiorum
943 493 1105 556 consortio

91 591 197 654 iuncti
216 591 357 654 fuerunt.
397 590 582 671 Quintilium
602 589 720 654 Vanam
740 586 868 654 Servius
888 591 927 654 ad
948 591 1002 654 ecl.
1017 589 1049 654 V
1063 589 1106 653 20

95 689 196 752 etiam
217 691 391 771 cognatum
403 686 541 771 Vergilii
560 685 650 769 dicit3
672 686 757 769 quod
776 686 902 750 etiamsi
921 709 958 749 ex
976 685 1106 750 Horatii

92 782 290 849 carm.124
313 783 424 847 fictum
448 783 491 844 sit
500 781 533 868 Γ),
558 786 641 846 certe
664 783 805 866 equitem
824 782 1004 846 Romanum
1021 785 1106 847 inter

92 883 261 945 litteratos
290 880 380 943 urbis
409 879 529 943 clarum
553 883 800 943 consentaneum
824 884 873 944 est
896 881 1105 944 adulescentis

92 1001 166 1042 cum
194 999 247 1040 res
275 977 440 1040 universas
469 980 539 1039 tum
567 975 692 1058 poetica
720 977 827 1040 studia
854 981 886 1040 et
914 977 1047 1041 consilio
1074 983 1106 1041 et

92 1075 306 1138 conciliandis
323 1074 460 1137 aliorum
479 1073 628 1136 amicitiis
645 1093 837 1157 magnopere
854 1073 1020 1137 adiuvisse.
1048 1095 1106 1137 nec

92 1171 209 1234 dubito
239 1171 317 1254 quin
345 1169 576 1254 elegantissimi
604 1171 636 1230 et
664 1168 863 1253 integerrimi
885 1170 994 1233 iudicii
1016 1171 1106 1233 fami·

91 1268 182 1349 liari,
216 1267 306 1329 cuius
338 1266 423 1328 inter
454 1265 590 1327 virtutes
620 1265 820 1348 ‘incorrupta
849 1266 926 1330 fides
957 1267 1105 1349 nudaque

93 1364 229 1427 veritas'
248 1363 391 1446 insignes
416 1365 507 1424 erant
531 1359 622 1446 (Hor.
637 1360 717 1449 ll),
740 1362 903 1447 Vergilius
926 1365 1046 1446 pariter
1069 1368 1106 1428 ut

92 1460 254 1524 Horatius
279 1456 331 1544 (cf.
351 1482 378 1522 a.
397 1482 427 1542 p.
442 1458 507 1522 438
519 1456 602 1544 sqq.)
628 1459 781 1541 quidquid
805 1461 975 1542 scripserat
996 1461 1106 1524 carmi-

92 1579 175 1622 num
198 1557 388 1640 priusquam
412 1555 518 1619 ederet
535 1553 757 1641 recitaverim).
789 1557 960 1620 Aemiliam
980 1579 1106 1642 quoque

93 1655 250 1720 Macram
268 1654 404 1716 amicum
424 1653 492 1716 eius
511 1652 610 1715 fuisse
630 1651 708 1714 satis
725 1655 852 1715 constat
859 1649 894 1738 ³),
913 1675 1106 1736 quamquam

92 1753 152 1816 nbi
183 1751 384 1835 cognoverit,
416 1747 578 1813 Romaene
610 1770 652 1811 an
682 1749 717 1811 in
747 1745 852 1811 Gallia
883 1751 1106 1834 transpadana,

92 1849 265 1913 nescimus.
316 1851 350 1909 at
383 1868 401 1908 a
433 1844 522 1909 Furii
554 1844 701 1908 Bibaculi
733 1846 961 1910 consuetudine
993 1847 1106 1911 abhor-

93 1947 200 2009 ruisse
223 1943 350 2007 videtur
373 1964 445 2006 cum
471 1947 603 2026 propter
626 1941 775 2005 acerbum
797 1943 1028 2006 mordacissimi
1051 1944 1105 2006 ho-

93 2042 193 2105 minis
221 2039 400 2122 ingenium,
428 2039 608 2102 mitissimis
634 2037 778 2101 Maronis
805 2039 948 2102 moribus
976 2040 1106 2104 minime

94 2137 303 2217 conveniens,
331 2138 401 2198 tum
430 2136 505 2219 quia
528 2133 700 2199 Caesarum
728 2135 898 2198 acerrimus
927 2138 1106 2221 exagitator

94 2240 181 2300 certe
214 2255 325 2296 eorum
358 2233 413 2315 qui
444 2232 636 2296 Maecenatis
670 2236 702 2295 et
735 2229 901 2296 Octaviani
932 2232 1105 2297 familiares

93 2331 300 2395 habebantur
323 2351 417 2392 usum
441 2329 648 2393 declinavisse
672 2327 860 2391 statuendus
885 2331 942 2390 est.

185 2425 299 2510 Neque
333 2447 405 2489 cum
437 2423 535 2490 Calvo
569 2430 625 2490 aut
654 2422 800 2488 Varrone
832 2422 968 2488 Atacino
1004 2426 1106 2489 ullum

95 2545 310 2553 »ἥβῃ--

171 2593 190 2662 ¹)
211 2589 251 2645 Cf.
266 2590 462 2644 Pseudoacron
480 2591 516 2643 ad
534 2591 599 2644 Hor.
614 2590 632 2645 l.
648 2589 666 2644 l.
682 2607 707 2644 v.
720 2595 733 2642 1
751 2589 874 2657 ‘qnidam
890 2597 980 2644 antem
992 2592 1106 2657 fratrem

100 2662 592 2801 Veryililliiuliisilimbiissguaestt.
609 2729 710 2784 Catull.
727 2734 777 2782 289
788 2747 848 2798 sqq.
870 2730 926 2784 ‘nn
942 2738 1001 2786 arnt
1020 2733 1105 2802 Qnin-

83 2807 174 2860 tilins
194 2804 284 2858 Vamn
304 2802 495 2869 Oremoriensrs,
513 2804 617 2856 nniicns
635 2801 757 2870 Verpiiii,
775 2818 852 2870 eques
866 2802 1023 2856 Romanns'
1039 2803 1104 2856 Por-

95 2875 217 2945 phyrion
236 2873 273 2926 ad
291 2873 356 2926 Hor.
376 2889 400 2926 a.
420 2890 447 2941 p.
461 2877 521 2926 438.
559 2873 724 2943 ‘Quintilios
743 2871 927 2926 Cremonensis
950 2873 1065 2943 Vcrpitii
1082 2881 1107 2928 et

97 2947 213 3001 Horatii
231 2945 382 3011 familiaris
399 2945 530 2998 moritnr'
549 2945 584 3012 (a.
602 2945 663 3010 730)
681 2941 875 3010 Hieronymus.

169 3017 190 3084 ³)
212 3016 288 3069 ‘hacc
306 3015 397 3084 661696
415 3015 447 3067 in
460 3014 607 3083 personcs’
629 3015 710 3081 (dnos
728 3012 792 3066 add.
812 3013 922 3083 Hagen)
941 3013 1042 3068 ‘diuisa
1060 3022 1105 3079 cst,

103 3087 214 3158 Virgilii
230 3085 332 3139 scilicet
350 3091 375 3139 ct
393 3085 506 3138 Aemilii
524 3085 632 3150 Macri;
654 3085 711 3150 fnit
731 3084 803 3136 enim
822 3090 847 3137 et
865 3086 921 3152 ipsc
940 3091 1022 3152 pocta
1045 3085 1105 3138 Vir-

97 3159 161 3228 9ilio
176 3157 389 3211 amantissimae.
409 3157 470 3224 qni’
482 3155 630 3222 (Ensebins
639 3155 719 3208 dicit:
733 3153 843 3222 Hagen)
854 3155 999 3208 ‘Aemilios
1009 3154 1106 3209 Moen-

104 3228 262 3283 Veronensis
276 3227 308 3280 in
321 3227 392 3280 Asin
405 3227 536 3280 moritm'
553 3225 638 3278 schol.
654 3224 734 3278 Bem.
750 3224 787 3278 ad
801 3223 888 3278 eol.V
903 3241 960 3292 arg.
995 3228 1106 3294 sumpta
1147 3223 1152 3230 '

99 3307 191 3352 autem
210 3299 277 3350 sunt
294 3297 365 3350 haec
383 3298 507 3349 extrema
519 3297 667 3350 ‘Aemilius
682 3337 687 3349 .
700 3339 704 3349 .
717 3337 723 3350 .
737 3296 867 3349 moritnr’
881 3311 914 3347 ex
928 3295 1104 3363 Hieronymo.

98 3368 197 3438 quodsi
212 3384 349 3421 annorum
363 3365 464 3419 saltem
480 3367 619 3420 rationem
635 3365 802 3419 habuissent
818 3364 1005 3432 allegoristae,
1025 3383 1106 3419 versu

98 3440 177 3493 huius
198 3439 258 3492 eolo
280 3455 313 3492 ae
333 3441 440 3505 quarto,
460 3437 510 3490 ubi
527 3436 662 3490 maiorem
679 3452 708 3489 se
727 3435 875 3488 Menalcan
895 3435 964 3489 dicit
982 3436 1105 3505 Mopsus,

99 3509 221 3582 Vergilio
272 3525 367 3562 aerum
385 3507 520 3562 minorem
539 3510 608 3561 natu
627 3506 714 3560 fuisse
733 3506 896 3560 efficeretur.
