2556 3966
387 229 531 286 VERGILI
548 233 680 288 AENEIS
699 233 736 287 XI
997 238 1063 302 365

58 391 313 476 Tyrrhenamque
336 415 466 458 manum
489 393 569 458 totis
593 395 780 460 descendere
803 399 931 481 campis.
1011 415 1063 465 450

59 490 210 572 extemplo
234 489 359 554 turbati
383 491 481 555 animi
503 513 720 576 concussaque
743 494 831 579 volgi

59 590 181 668 pectora
203 591 235 650 et
259 591 400 651 arrectae
423 588 564 652 stimulis
587 588 667 653 haut
689 591 842 656 mollibus
866 592 940 656 irae.

60 707 139 747 arma
160 706 258 747 manu
281 683 398 767 trepidi
421 689 568 770 poscunt,
590 686 699 749 fremit
722 709 811 750 arma
833 688 993 774 iuventus

60 780 130 844 flent
151 781 267 844 maesti
289 785 500 864 mussantque
522 786 640 866 patres.
685 781 739 846 hic
764 783 901 868 undique
925 785 1044 849 clamor
1103 827 1106 881 Ι

60 878 196 942 dissensu
219 877 310 942 vario
333 897 469 961 magnus
493 899 527 942 se
551 879 638 942 tollit
661 881 696 942 in
719 901 812 944 auras
1008 898 1060 946 455
1097 888 1104 961 ἶ

60 974 132 1038 haut
153 995 243 1039 secus
268 978 365 1057 atquc
389 973 456 1038 alto
479 974 515 1038 in
536 975 608 1040 luco
632 998 704 1040 cum
727 977 811 1041 forte
834 982 979 1042 catervae

61 1071 219 1136 consedere
243 1071 350 1135 avium
371 1071 539 1154 piscosove
562 1094 654 1137 amne
676 1072 819 1138 Padusae

62 1168 130 1232 dmt
151 1167 295 1232 sonitum
317 1167 405 1231 rauci
428 1189 485 1250 per
508 1172 623 1253 stagna
645 1169 792 1252 loquacia
815 1171 913 1253 cycni.

62 1265 172 1328 ‘immo'
196 1265 242 1328 ait
266 1265 297 1328 ‘o
321 1264 417 1328 cives'
441 1270 569 1348 arrepto
592 1269 736 1350 tempore
759 1265 897 1351 Turnus,

62 1362 168 1446 ‘cogite
191 1360 363 1424 concilium
386 1365 419 1424 et
441 1382 551 1444 paoem
573 1363 702 1428 laudate
725 1364 883 1428 sedentes:
1008 1381 1061 1429 460

62 1457 104 1520 itii
125 1458 220 1521 armis
238 1458 275 1520 in
295 1477 395 1541 regna
416 1459 537 1522 ruunt?
577 1481 636 1523 nec
657 1461 751 1544 plura
773 1460 902 1526 locutus

63 1554 206 1637 corripuit
230 1575 299 1618 sese
322 1558 355 1617 et
377 1554 472 1618 tectis
496 1554 579 1618 citus
602 1557 719 1620 extulit
742 1557 825 1622 altis.

63 1653 112 1737 tu,
132 1649 263 1735 Voluse,
286 1651 403 1714 armari
426 1649 619 1716 Volscorum
643 1652 728 1717 edice
750 1655 919 1740 maniplos

64 1749 123 1811 doc’
145 1748 191 1812 ait
214 1748 259 1810 ‘et
281 1745 430 1811 Rutulos.
477 1748 618 1831 equitem
640 1748 807 1834 Messapus
830 1751 865 1814 in
887 1753 985 1816 armis

64 1850 177 1910 etcum
200 1845 301 1909 fratre
325 1841 424 1908 Coras
447 1844 522 1908 latis
546 1845 713 1911 diffundite
736 1849 863 1931 campis.
1007 1867 1059 1916 465

64 1965 126 2024 pars
149 1942 255 2006 aditos
278 1941 369 2005 urbis
392 1941 499 2005 firmet
521 1944 683 2027 turrisque
706 1950 860 2031 capessat,

65 2044 163 2126 cetera,
186 2061 249 2122 qua
272 2038 370 2124 iuss0‚
392 2060 517 2102 mecum
538 2061 653 2104 manus
676 2041 794 2105 inferat
817 2044 925 2106 arma’

65 2137 137 2200 ilicet
158 2137 194 2200 in
216 2157 327 2200 muros
350 2136 633 2218 tctadiscurritur
655 2137 742 2200 urbe.

65 2233 240 2298 *concilium
263 2233 332 2316 ipse
354 2237 446 2316 pater
469 2237 501 2296 et
523 2254 640 2318 magna
662 2234 790 2318 incepta
812 2234 947 2299 Latinus

65 2330 166 2394 deserit
191 2352 228 2394 ac
250 2329 339 2393 tristi
361 2330 512 2394 turbatus
535 2335 678 2413 tempore
702 2331 809 2395 differt
1006 2351 1059 2399 470

65 2427 214 2510 multaque
238 2448 272 2489 se
294 2426 430 2512 incusat,
454 2427 509 2512 qui
531 2449 598 2493 non
620 2429 776 2511 acceperit
798 2430 885 2494 ultro

65 2521 249 2588 Dardanium
270 2522 402 2588 Aenean
424 2546 640 2609 generumque
663 2526 810 2590 asciverit
833 2528 937 2592 urbi*

65 2621 253 2700 praefodiunt
277 2620 333 2682 alii
355 2625 466 2703 portas
490 2625 546 2684 aut
569 2643 646 2686 saxa
669 2624 826 2708 sudesque

66 2717 247 2782 subvectant.
294 2715 379 2781 bello
403 2718 458 2782 dat
481 2719 609 2802 signum
631 2742 726 2783 rauca
749 2725 916 2785 cruentum

66 2811 171 2878 bucina.
214 2818 286 2876 tum
308 2835 417 2878 muros
441 2816 529 2878 varia
552 2815 677 2880 cinxere
700 2838 818 2882 corona
1007 2837 1058 2884 475

65 2915 214 2976 matronae
237 2910 406 2994 puerique:
429 2916 523 2975 vocat
545 2912 637 2976 labor
660 2913 794 2978 ultimus
813 2916 925 2980 omnis.

66 3025 110 3071 nec
129 3031 195 3073 non
217 3008 258 3071 ad
280 3009 437 3092 templum
461 3030 665 3093 summasque
688 3011 727 3074 ad
750 3009 889 3076 Palladis
913 3035 1000 3078 arces

67 3103 239 3169 subvehitur
262 3126 380 3190 magna
402 3111 541 3170 matrum
563 3107 675 3191 regina
697 3111 823 3172 caterva

66 3196 134 3264 dona
154 3204 269 3287 serens,
292 3203 445 3286 iuxtaque
468 3225 572 3268 comes
596 3203 730 3268 Lavinia
752 3205 853 3292 virg0,

66 3314 144 3362 causa
164 3300 241 3364 mali
265 3302 358 3387 tanti,
381 3301 489 3364 oculos
513 3301 633 3364 deiecta
655 3300 794 3365 decoros.
1006 3322 1057 3369 480

67 3397 218 3462 succedunt
241 3401 360 3461 matres
384 3401 416 3462 et
438 3399 593 3480 templum
615 3402 687 3462 ture
710 3404 865 3481 vaporant

66 3491 89 3550 et
107 3496 239 3557 maestas
263 3493 329 3557 alto
353 3494 490 3556 fundunt
513 3495 552 3557 de
575 3495 685 3558 limine
707 3517 815 3559 voces:
