2538 3970
394 254 545 309 VERGILI
562 255 694 310 AENEIS
708 257 772 310 VIII
1018 255 1083 319 275

83 415 149 478 sole
168 437 352 498 repercusso
376 420 432 479 aut
454 416 610 481 radiantis
632 418 771 502 imagine
792 418 888 482 lunae

83 513 184 574 omnia
205 512 379 594 pervolitat
401 513 466 576 late
489 514 559 578 loca
581 513 707 598 iamque
731 515 791 580 sub
815 537 908 578 auras

83 609 212 692 erigitur
234 610 415 693 summique
436 609 512 674 ferit
534 610 674 675 lacuaria
696 612 781 676 tecti.
1049 627 1084 674 au

81 727 144 769 nor
166 710 241 792 erat,
264 711 297 769 et
319 711 424 769 terras
448 706 599 771 animalia
620 706 706 772 fessa
728 731 785 792 per
808 709 911 772 omnis

83 803 213 866 alituum
235 803 457 886 pecudumque
480 823 580 887 genus
603 825 700 887 sopor
723 805 808 869 altus
830 804 983 868 habebat:

83 903 264 983 cumpater
286 899 321 963 in
343 901 415 983 ripa
437 900 598 984 gelidique
622 902 681 965 sub
706 901 843 966 aetheris
867 923 925 965 axe

81 995 210 1082 Aeneas,
233 996 323 1059 tristi
345 996 496 1060 turbatus
519 999 649 1079 pectora
672 996 766 1082 bello,

81 1094 247 1176 procubuit
271 1115 439 1177 seramque
461 1093 548 1156 dedit
570 1115 627 1176 per
649 1093 792 1158 membra
815 1094 963 1178 quietem.
1049 1109 1088 1158 ao
1120 1097 1123 1103 ’

80 1189 153 1254 huic
174 1191 249 1254 deus
273 1191 343 1273 ipse
365 1190 428 1254 loci
451 1189 549 1254 fluvio
573 1189 743 1254 Tiberinus
767 1211 899 1254 amoeno

80 1287 228 1370 populeas
253 1287 337 1350 inter
361 1287 467 1350 senior
491 1308 524 1350 se
547 1287 696 1350 attollere
719 1287 846 1350 frondes

80 1384 165 1448 visus
188 1384 275 1470 (eum
298 1384 406 1446 tenuis
430 1383 543 1468 glauco
566 1383 694 1448 velabat
718 1384 836 1448 amictu

80 1480 236 1565 carbasus
259 1483 291 1543 et
315 1479 412 1543 crinis
436 1479 588 1544 umbrosa
610 1480 740 1564 tegebat
763 1477 933 1567 harundo),

80 1583 147 1640 tum
170 1577 215 1641 sic
238 1577 340 1640 adfari
363 1582 395 1641 et
418 1599 509 1642 curas
532 1577 584 1639 his
607 1575 730 1640 demere
754 1577 860 1642 dictis:
1048 1596 1089 1642 aa

123 1673 161 1737 ‘0
184 1679 251 1737 sate
274 1677 370 1759 gente
393 1675 495 1760 deum,
518 1673 690 1738 Troianam
713 1697 751 1738 ex
773 1674 924 1740 hostibus
948 1675 1061 1740 urbem

81 1771 133 1854 qui
155 1771 278 1835 revehis
301 1771 396 1835 nobis
421 1775 612 1854 aeternaque
633 1769 789 1856 Pergama
812 1793 929 1856 servae,

80 1873 240 1951 expectate
263 1868 333 1932 solo
356 1867 510 1932 Laurenti
534 1868 682 1952 arvisque
704 1867 839 1952 Latinis,

78 1963 128 2028 hic
150 1965 210 2027 tibi
233 1968 320 2028 certa
342 1965 465 2049 domus,
488 1965 567 2028 certi
590 1963 644 2052 (ne
668 1962 803 2052 absiste)
826 1971 970 2052 penates3

78 2082 137 2125 neu
159 2061 236 2124 belli
259 2065 378 2124 terrere
401 2062 510 2125 minis:
534 2065 642 2125 tumor
661 2063 765 2126 omnis
789 2067 821 2125 et
843 2063 909 2126 irae
1047 2081 1088 2128 lo

80 2179 256 2222 concessere
280 2158 380 2222 deum

80 2255 215 2341 [iamque
237 2256 310 2340 tibi,
331 2278 372 2319 ne
394 2279 476 2320 vana
498 2261 592 2339 putes
615 2257 692 2320 haec
714 2257 835 2342 fingere
859 2279 1018 2345 somnum,

78 2353 196 2418 litoreis
220 2354 334 2437 ingens
358 2353 488 2418 inventa
512 2353 572 2417 sub
595 2354 723 2418 ilicibus
748 2375 812 2440 aue,

79 2451 207 2536 triginta
230 2451 372 2533 capitum
395 2451 480 2514 fetus
504 2450 607 2536 enixa,
628 2450 755 2535 iacebit,

79 2549 154 2634 alba,
177 2548 247 2612 solo
270 2547 436 2632 recubans,
460 2547 525 2611 albi
549 2547 668 2611 circum
689 2547 788 2610 ubera
810 2549 887 2613 nati.
1046 2569 1080 2616 45

78 2665 111 2706 ex
133 2667 198 2727 quo
220 2647 271 2707 ter
294 2644 384 2708 denis
407 2643 520 2708 urbem
543 2643 749 2708 redeuntibus
773 2647 864 2708 annis
1046 2666 1080 2714 47

77 2741 229 2805 Ascanius
253 2741 330 2805 clari
354 2741 467 2805 condet
491 2742 691 2824 cognominis
715 2741 840 2806 Albam.

77 2837 150 2903 haut
172 2839 295 2902 incerta
317 2838 419 2924 cano]
464 2859 551 2901 nunc
574 2860 637 2920 qua
659 2839 784 2902 ratione
808 2840 893 2923 quod
916 2841 1017 2906 instat

78 2935 218 3019 expedias
242 2935 355 3018 victor,
377 2935 489 3018 paucis
513 2932 671 3021 (adverte)
696 2936 824 3002 docebo
1046 2957 1079 3004 50

77 3033 209 3096 Arcades
232 3032 284 3096 his
308 3033 383 3117 oris,
406 3052 507 3117 genus
531 3054 550 3094 a
572 3030 718 3095 Pallante
741 3033 929 3119 profectum,

78 3130 125 3212 qui
146 3150 256 3214 regem
279 3129 468 3193 Euandrum
492 3129 635 3214 comites,
659 3128 715 3211 qui
738 3129 831 3214 signa
854 3131 964 3216 secui,

77 3225 212 3312 delegere
235 3226 343 3290 Iocum
366 3231 399 3290 et
420 3247 557 3309 posuere
579 3225 615 3290 in
636 3225 801 3290 montibus
825 3135 946 3306 urberd

76 3319 223 3387 Pallantis
246 3323 360 3406 proavi
383 3323 420 3386 de
443 3322 573 3386 nomine
595 3321 804 3386 Pallanteum.
858 3353 862 3368 ν

76 3523 115 3583 hic
138 3525 223 3584 Iocus
248 3523 330 3583 urbis
355 3523 420 3599 erit,
445 3523 561 3600 requies
585 3541 621 3581 aa
644 3527 727 3582 carta
749 3523 887 3582 laborum
1043 3534 1077 3581 46

865 3620 918 3673 18*
