<?xml version="1.0" encoding="UTF-8"?>
<!DOCTYPE html PUBLIC "-//W3C//DTD XHTML 1.0 Transitional//EN"
    "http://www.w3.org/TR/xhtml1/DTD/xhtml1-transitional.dtd">
<html xmlns="http://www.w3.org/1999/xhtml" xml:lang="en" lang="en">
 <head>
  <title>
</title>
<meta http-equiv="Content-Type" content="text/html;charset=utf-8" />
  <meta name='ocr-system' content='tesseract 3.04.00' />
  <meta name='ocr-capabilities' content='ocr_page ocr_carea ocr_par ocr_line ocrx_word'/>
</head>
<body>
  <div class='ocr_page' id='page_1' title='image "./pvergilimaronis11virggoog/pvergilimaronis11virggoog_0064.png"; bbox 0 0 2552 3958; ppageno 0'>
   <div class='ocr_carea' id='block_1_1' title="bbox 387 241 1079 310">
    <p class='ocr_par' dir='ltr' id='par_1_1' title="bbox 387 241 1079 310">
     <span class='ocr_line' id='line_1_1' title="bbox 387 241 1079 310; baseline -0.007 -8"><span class='ocrx_word' id='word_1_1' title='bbox 387 245 536 302; x_wconf 79' lang='lat' dir='ltr'><strong>VERGILI</strong></span> <span class='ocrx_word' id='word_1_2' title='bbox 554 241 699 301; x_wconf 82' lang='lat' dir='ltr'><strong>ECLOGA</strong></span> <span class='ocrx_word' id='word_1_3' title='bbox 717 247 776 301; x_wconf 91' lang='lat' dir='ltr'>lV.</span> <span class='ocrx_word' id='word_1_4' title='bbox 1040 247 1079 310; x_wconf 85' lang='lat'>11</span> 
     </span>
    </p>
   </div>
   <div class='ocr_carea' id='block_1_2' title="bbox 75 408 1080 688">
    <p class='ocr_par' dir='ltr' id='par_1_2' title="bbox 75 408 1080 688">
     <span class='ocr_line' id='line_1_2' title="bbox 75 408 1080 493; baseline -0.002 -21"><span class='ocrx_word' id='word_1_5' title='bbox 75 410 124 472; x_wconf 90' lang='lat' dir='ltr'>ille</span> <span class='ocrx_word' id='word_1_6' title='bbox 146 409 365 474; x_wconf 79' lang='lat' dir='ltr'>deum&#39;vibam</span> <span class='ocrx_word' id='word_1_7' title='bbox 387 409 520 493; x_wconf 75' lang='lat' dir='ltr'>accipiet</span> <span class='ocrx_word' id='word_1_8' title='bbox 544 408 690 492; x_wconf 87' lang='lat' dir='ltr'>divisque</span> <span class='ocrx_word' id='word_1_9' title='bbox 712 408 834 472; x_wconf 76' lang='lat' dir='ltr'>videbit</span> <span class='ocrx_word' id='word_1_10' title='bbox 1048 424 1080 470; x_wconf 81' lang='lat'>15</span> 
     </span>
     <span class='ocr_line' id='line_1_3' title="bbox 76 506 900 592; baseline 0 -23"><span class='ocrx_word' id='word_1_11' title='bbox 76 507 245 590; x_wconf 78' lang='lat' dir='ltr'>permixtos</span> <span class='ocrx_word' id='word_1_12' title='bbox 268 506 397 592; x_wconf 82' lang='lat' dir='ltr'>heroas,</span> <span class='ocrx_word' id='word_1_13' title='bbox 420 511 453 571; x_wconf 78' lang='lat' dir='ltr'>et</span> <span class='ocrx_word' id='word_1_14' title='bbox 475 507 544 590; x_wconf 90' lang='lat' dir='ltr'>ipse</span> <span class='ocrx_word' id='word_1_15' title='bbox 566 506 727 570; x_wconf 75' lang='lat' dir='ltr'>videbitur</span> <span class='ocrx_word' id='word_1_16' title='bbox 749 506 829 591; x_wconf 81' lang='lat' dir='ltr'>illis,</span> <span class='ocrx_word' id='word_1_17' title='bbox 899 529 900 534; x_wconf 49' lang='lat'>¹</span> 
     </span>
     <span class='ocr_line' id='line_1_4' title="bbox 76 603 874 688; baseline -0.003 -20"><span class='ocrx_word' id='word_1_18' title='bbox 76 608 282 688; x_wconf 75' lang='lat' dir='ltr'>pacatumque</span> <span class='ocrx_word' id='word_1_19' title='bbox 304 607 394 688; x_wconf 75' lang='lat' dir='ltr'>regei</span> <span class='ocrx_word' id='word_1_20' title='bbox 416 603 531 686; x_wconf 77' lang='lat' dir='ltr'>patriis</span> <span class='ocrx_word' id='word_1_21' title='bbox 554 603 731 667; x_wconf 74' lang='lat' dir='ltr'>virtutibus</span> <span class='ocrx_word' id='word_1_22' title='bbox 755 603 874 667; x_wconf 87' lang='lat' dir='ltr'>orbem.</span> 
     </span>
    </p>
   </div>
   <div class='ocr_carea' id='block_1_3' title="bbox 76 787 1080 1067">
    <p class='ocr_par' dir='ltr' id='par_1_3' title="bbox 76 787 1080 1067">
     <span class='ocr_line' id='line_1_5' title="bbox 77 787 890 874; baseline -0.004 -21"><span class='ocrx_word' id='word_1_23' title='bbox 77 787 117 853; x_wconf 75' lang='lat' dir='ltr'>Ab</span> <span class='ocrx_word' id='word_1_24' title='bbox 137 788 198 852; x_wconf 78' lang='lat' dir='ltr'>libi</span> <span class='ocrx_word' id='word_1_25' title='bbox 221 789 340 874; x_wconf 86' lang='lat' dir='ltr'>prima,</span> <span class='ocrx_word' id='word_1_26' title='bbox 362 810 455 874; x_wconf 79' lang='lat' dir='ltr'>puer,</span> <span class='ocrx_word' id='word_1_27' title='bbox 476 788 566 852; x_wconf 90' lang='lat' dir='ltr'>nullo</span> <span class='ocrx_word' id='word_1_28' title='bbox 589 788 779 852; x_wconf 90' lang='lat' dir='ltr'>munuscula</span> <span class='ocrx_word' id='word_1_29' title='bbox 801 787 890 851; x_wconf 74' lang='lat' dir='ltr'>cultu</span> 
     </span>
     <span class='ocr_line' id='line_1_6' title="bbox 76 884 1035 968; baseline 0.006 -20"><span class='ocrx_word' id='word_1_30' title='bbox 76 885 205 948; x_wconf 75' lang='lat' dir='ltr'>errantis</span> <span class='ocrx_word' id='word_1_31' title='bbox 228 885 362 961; x_wconf 77' lang='lat' dir='ltr'>hederas</span> <span class='ocrx_word' id='word_1_32' title='bbox 385 884 507 968; x_wconf 89' lang='lat' dir='ltr'>passim</span> <span class='ocrx_word' id='word_1_33' title='bbox 529 907 601 949; x_wconf 92' lang='lat' dir='ltr'>cum</span> <span class='ocrx_word' id='word_1_34' title='bbox 623 885 754 948; x_wconf 79' lang='lat' dir='ltr'>baccare</span> <span class='ocrx_word' id='word_1_35' title='bbox 777 886 873 948; x_wconf 76' lang='lat' dir='ltr'>tellus</span> <span class='ocrx_word' id='word_1_36' title='bbox 1031 949 1035 954; x_wconf 87' lang='lat'>.</span> 
     </span>
     <span class='ocr_line' id='line_1_7' title="bbox 78 981 1080 1067; baseline 0 -21"><span class='ocrx_word' id='word_1_37' title='bbox 78 983 233 1067; x_wconf 74' lang='lat' dir='ltr'>mixtaque</span> <span class='ocrx_word' id='word_1_38' title='bbox 256 981 375 1045; x_wconf 77' lang='lat' dir='ltr'><strong>ridenti</strong></span> <span class='ocrx_word' id='word_1_39' title='bbox 398 981 555 1046; x_wconf 86' lang='lat' dir='ltr'>colocasia</span> <span class='ocrx_word' id='word_1_40' title='bbox 577 982 690 1046; x_wconf 79' lang='lat' dir='ltr'>fundet</span> <span class='ocrx_word' id='word_1_41' title='bbox 713 982 858 1047; x_wconf 74' lang='lat' dir='ltr'>acantho.</span> <span class='ocrx_word' id='word_1_42' title='bbox 1046 999 1080 1046; x_wconf 80' lang='lat'>20</span> 
     </span>
    </p>
   </div>
   <div class='ocr_carea' id='block_1_4' title="bbox 78 1113 901 1393">
    <p class='ocr_par' dir='ltr' id='par_1_4' title="bbox 78 1113 901 1393">
     <span class='ocr_line' id='line_1_8' title="bbox 78 1113 901 1198; baseline -0.001 -20"><span class='ocrx_word' id='word_1_43' title='bbox 78 1116 158 1198; x_wconf 80' lang='lat' dir='ltr'>ipsae</span> <span class='ocrx_word' id='word_1_44' title='bbox 179 1115 263 1178; x_wconf 73' lang='lat' dir='ltr'>lacte</span> <span class='ocrx_word' id='word_1_45' title='bbox 287 1115 416 1178; x_wconf 90' lang='lat' dir='ltr'>domum</span> <span class='ocrx_word' id='word_1_46' title='bbox 439 1113 577 1177; x_wconf 77' lang='lat' dir='ltr'>referent</span> <span class='ocrx_word' id='word_1_47' title='bbox 600 1114 740 1177; x_wconf 70' lang='lat' dir='ltr'>distenta</span> <span class='ocrx_word' id='word_1_48' title='bbox 757 1113 901 1196; x_wconf 84' lang='lat' dir='ltr'>capellae</span> 
     </span>
     <span class='ocr_line' id='line_1_9' title="bbox 78 1211 892 1297; baseline -0.002 -21"><span class='ocrx_word' id='word_1_49' title='bbox 78 1212 181 1297; x_wconf 85' lang='lat' dir='ltr'>ubera,</span> <span class='ocrx_word' id='word_1_50' title='bbox 202 1233 262 1274; x_wconf 91' lang='lat' dir='ltr'>nec</span> <span class='ocrx_word' id='word_1_51' title='bbox 284 1231 420 1294; x_wconf 84' lang='lat' dir='ltr'>magnos</span> <span class='ocrx_word' id='word_1_52' title='bbox 442 1214 586 1273; x_wconf 72' lang='lat' dir='ltr'>metuent</span> <span class='ocrx_word' id='word_1_53' title='bbox 610 1215 753 1274; x_wconf 79' lang='lat' dir='ltr'>armenia</span> <span class='ocrx_word' id='word_1_54' title='bbox 775 1211 892 1275; x_wconf 88' lang='lat' dir='ltr'>leones.</span> 
     </span>
     <span class='ocr_line' id='line_1_10' title="bbox 78 1307 846 1393; baseline -0.001 -20"><span class='ocrx_word' id='word_1_55' title='bbox 78 1311 142 1393; x_wconf 89' lang='lat' dir='ltr'>ipsa</span> <span class='ocrx_word' id='word_1_56' title='bbox 162 1309 225 1373; x_wconf 77' lang='lat' dir='ltr'>libi</span> <span class='ocrx_word' id='word_1_57' title='bbox 247 1308 382 1372; x_wconf 88' lang='lat' dir='ltr'>blandos</span> <span class='ocrx_word' id='word_1_58' title='bbox 405 1307 540 1371; x_wconf 74' lang='lat' dir='ltr'>fundent</span> <span class='ocrx_word' id='word_1_59' title='bbox 563 1307 721 1372; x_wconf 89' lang='lat' dir='ltr'>cunabula</span> <span class='ocrx_word' id='word_1_60' title='bbox 743 1307 846 1372; x_wconf 88' lang='lat' dir='ltr'>fiores.</span> 
     </span>
    </p>
   </div>
   <div class='ocr_carea' id='block_1_5' title="bbox 16 1439 1078 1626">
    <p class='ocr_par' dir='ltr' id='par_1_5' title="bbox 16 1439 1078 1626">
     <span class='ocr_line' id='line_1_11' title="bbox 77 1439 849 1525; baseline -0.003 -20"><span class='ocrx_word' id='word_1_61' title='bbox 77 1442 245 1506; x_wconf 73' lang='lat' dir='ltr'>occidebat</span> <span class='ocrx_word' id='word_1_62' title='bbox 269 1461 414 1525; x_wconf 81' lang='lat' dir='ltr'>serpena,</span> <span class='ocrx_word' id='word_1_63' title='bbox 436 1443 469 1502; x_wconf 78' lang='lat' dir='ltr'>et</span> <span class='ocrx_word' id='word_1_64' title='bbox 491 1439 589 1502; x_wconf 85' lang='lat' dir='ltr'>fallax</span> <span class='ocrx_word' id='word_1_65' title='bbox 612 1439 712 1503; x_wconf 89' lang='lat' dir='ltr'>herba</span> <span class='ocrx_word' id='word_1_66' title='bbox 734 1441 849 1503; x_wconf 84' lang='lat' dir='ltr'>veneni</span> 
     </span>
     <span class='ocr_line' id='line_1_12' title="bbox 16 1536 1078 1626; baseline 0 -23"><span class='ocrx_word' id='word_1_67' title='bbox 16 1565 17 1626; x_wconf 55' lang='lat' dir='ltr'>j</span> <span class='ocrx_word' id='word_1_68' title='bbox 77 1539 204 1624; x_wconf 76' lang='lat' dir='ltr'>occidei3</span> <span class='ocrx_word' id='word_1_69' title='bbox 226 1537 400 1620; x_wconf 85' lang='lat' dir='ltr'>Assyrium</span> <span class='ocrx_word' id='word_1_70' title='bbox 421 1536 519 1620; x_wconf 82' lang='lat' dir='ltr'>volgo</span> <span class='ocrx_word' id='word_1_71' title='bbox 541 1541 691 1600; x_wconf 78' lang='lat' dir='ltr'>nascetur</span> <span class='ocrx_word' id='word_1_72' title='bbox 714 1558 882 1602; x_wconf 86' lang='lat' dir='ltr'>amomum.</span> <span class='ocrx_word' id='word_1_73' title='bbox 1045 1555 1078 1603; x_wconf 78' lang='lat' dir='ltr'>aa</span> 
     </span>
    </p>
   </div>
   <div class='ocr_carea' id='block_1_6' title="bbox 15 1721 985 1907">
    <p class='ocr_par' dir='ltr' id='par_1_6' title="bbox 15 1721 985 1907">
     <span class='ocr_line' id='line_1_13' title="bbox 78 1721 850 1806; baseline -0.003 -17"><span class='ocrx_word' id='word_1_74' title='bbox 78 1725 122 1788; x_wconf 79' lang='lat' dir='ltr'>Ac</span> <span class='ocrx_word' id='word_1_75' title='bbox 142 1725 235 1789; x_wconf 90' lang='lat' dir='ltr'>simul</span> <span class='ocrx_word' id='word_1_76' title='bbox 256 1721 391 1787; x_wconf 89' lang='lat' dir='ltr'>heroum</span> <span class='ocrx_word' id='word_1_77' title='bbox 413 1721 523 1786; x_wconf 88' lang='lat' dir='ltr'>laudes</span> <span class='ocrx_word' id='word_1_78' title='bbox 546 1725 578 1785; x_wconf 74' lang='lat' dir='ltr'>et</span> <span class='ocrx_word' id='word_1_79' title='bbox 600 1723 686 1785; x_wconf 77' lang='lat' dir='ltr'>facia</span> <span class='ocrx_word' id='word_1_80' title='bbox 708 1723 850 1806; x_wconf 82' lang='lat' dir='ltr'>parentis</span> 
     </span>
     <span class='ocr_line' id='line_1_14' title="bbox 15 1819 985 1907; baseline -0.001 -22"><span class='ocrx_word' id='word_1_81' title='bbox 15 1885 16 1892; x_wconf 65' lang='grc'>,</span> <span class='ocrx_word' id='word_1_82' title='bbox 78 1823 139 1887; x_wconf 84' lang='lat' dir='ltr'>iam</span> <span class='ocrx_word' id='word_1_83' title='bbox 158 1823 262 1907; x_wconf 85' lang='lat' dir='ltr'>legere</span> <span class='ocrx_word' id='word_1_84' title='bbox 285 1823 318 1884; x_wconf 79' lang='lat' dir='ltr'>eb</span> <span class='ocrx_word' id='word_1_85' title='bbox 341 1841 422 1903; x_wconf 89' lang='lat' dir='ltr'>quae</span> <span class='ocrx_word' id='word_1_86' title='bbox 446 1819 489 1882; x_wconf 76' lang='lat' dir='ltr'>sit</span> <span class='ocrx_word' id='word_1_87' title='bbox 512 1819 633 1901; x_wconf 75' lang='lat' dir='ltr'>poteris</span> <span class='ocrx_word' id='word_1_88' title='bbox 656 1839 846 1902; x_wconf 86' lang='lat' dir='ltr'>cognoscere</span> <span class='ocrx_word' id='word_1_89' title='bbox 868 1819 985 1884; x_wconf 79' lang='lat' dir='ltr'>virtus:</span> 
     </span>
    </p>
   </div>
   <div class='ocr_carea' id='block_1_7' title="bbox 15 1951 1078 2230">
    <p class='ocr_par' dir='ltr' id='par_1_7' title="bbox 15 1921 1078 2250">
     <span class='ocr_line' id='line_1_15' title="bbox 15 1951 800 2038; baseline -0.008 -19"><span class='ocrx_word' id='word_1_90' title='bbox 15 2001 17 2018; x_wconf 83' lang='grc'><strong>.</strong></span> <span class='ocrx_word' id='word_1_91' title='bbox 79 1955 162 2019; x_wconf 89' lang='lat' dir='ltr'>molli</span> <span class='ocrx_word' id='word_1_92' title='bbox 183 1953 340 2038; x_wconf 69' lang='lat' dir='ltr'>paulatim</span> <span class='ocrx_word' id='word_1_93' title='bbox 362 1951 511 2017; x_wconf 67' lang='lat' dir='ltr'>flavescet</span> <span class='ocrx_word' id='word_1_94' title='bbox 534 1972 663 2034; x_wconf 89' lang='lat' dir='ltr'>campus</span> <span class='ocrx_word' id='word_1_95' title='bbox 686 1951 800 2036; x_wconf 70' lang='lat' dir='ltr'>arista,</span> 
     </span>
     <span class='ocr_line' id='line_1_16' title="bbox 16 2047 846 2134; baseline -0.008 -16"><span class='ocrx_word' id='word_1_96' title='bbox 16 2051 17 2070; x_wconf 69' lang='lat'><em>²</em></span> <span class='ocrx_word' id='word_1_97' title='bbox 79 2051 263 2134; x_wconf 72' lang='lat' dir='ltr'>incultisque</span> <span class='ocrx_word' id='word_1_98' title='bbox 286 2049 405 2112; x_wconf 90' lang='lat' dir='ltr'>rubeus</span> <span class='ocrx_word' id='word_1_99' title='bbox 428 2047 579 2132; x_wconf 76' lang='lat' dir='ltr'>pendebit</span> <span class='ocrx_word' id='word_1_100' title='bbox 603 2048 748 2111; x_wconf 75' lang='lat' dir='ltr'>sentibus</span> <span class='ocrx_word' id='word_1_101' title='bbox 771 2071 846 2134; x_wconf 80' lang='lat' dir='ltr'>uva,</span> 
     </span>
     <span class='ocr_line' id='line_1_17' title="bbox 79 2143 1078 2230; baseline -0.011 -16.712"><span class='ocrx_word' id='word_1_102' title='bbox 79 2153 111 2213; x_wconf 75' lang='lat' dir='ltr'>ei</span> <span class='ocrx_word' id='word_1_103' title='bbox 130 2149 220 2212; x_wconf 87' lang='lat' dir='ltr'>durae</span> <span class='ocrx_word' id='word_1_104' title='bbox 244 2168 380 2230; x_wconf 87' lang='lat' dir='ltr'>quercus</span> <span class='ocrx_word' id='word_1_105' title='bbox 404 2144 566 2209; x_wconf 74' lang='lat' dir='ltr'>sudabunt</span> <span class='ocrx_word' id='word_1_106' title='bbox 587 2143 712 2208; x_wconf 85' lang='lat' dir='ltr'>roscida</span> <span class='ocrx_word' id='word_1_107' title='bbox 734 2145 836 2208; x_wconf 90' lang='lat' dir='ltr'>mella.</span> <span class='ocrx_word' id='word_1_108' title='bbox 1045 2163 1078 2210; x_wconf 84' lang='lat'>30</span> 
     </span>
    </p>
   </div>
   <div class='ocr_carea' id='block_1_8' title="bbox 16 2260 1021 2560">
    <p class='ocr_par' dir='ltr' id='par_1_8' title="bbox 16 2260 1021 2560">
     <span class='ocr_line' id='line_1_18' title="bbox 16 2260 943 2368; baseline -0.008 -22"><span class='ocrx_word' id='word_1_109' title='bbox 16 2273 17 2280; x_wconf 9' lang='grc' dir='ltr'>ἵ</span> <span class='ocrx_word' id='word_1_110' title='bbox 81 2304 171 2366; x_wconf 88' lang='lat' dir='ltr'>pauca</span> <span class='ocrx_word' id='word_1_111' title='bbox 192 2260 303 2344; x_wconf 77' lang='lat' dir='ltr'>lamen</span> <span class='ocrx_word' id='word_1_112' title='bbox 325 2278 481 2368; x_wconf 75' lang='lat' dir='ltr'>suberunt</span> <span class='ocrx_word' id='word_1_113' title='bbox 503 2277 626 2361; x_wconf 87' lang='lat' dir='ltr'>priscae</span> <span class='ocrx_word' id='word_1_114' title='bbox 648 2277 786 2360; x_wconf 74' lang='lat' dir='ltr'>vestigia</span> <span class='ocrx_word' id='word_1_115' title='bbox 807 2277 943 2362; x_wconf 84' lang='lat' dir='ltr'>fraudis,</span> 
     </span>
     <span class='ocr_line' id='line_1_19' title="bbox 81 2373 1021 2462; baseline -0.006 -19"><span class='ocrx_word' id='word_1_116' title='bbox 81 2401 153 2462; x_wconf 89' lang='lat' dir='ltr'>quae</span> <span class='ocrx_word' id='word_1_117' title='bbox 173 2379 331 2460; x_wconf 74' lang='lat' dir='ltr'>temptare</span> <span class='ocrx_word' id='word_1_118' title='bbox 353 2375 482 2438; x_wconf 76' lang='lat' dir='ltr'>Thetim</span> <span class='ocrx_word' id='word_1_119' title='bbox 503 2374 644 2458; x_wconf 75' lang='lat' dir='ltr'>ratibus,</span> <span class='ocrx_word' id='word_1_120' title='bbox 667 2394 749 2456; x_wconf 91' lang='lat' dir='ltr'>quac</span> <span class='ocrx_word' id='word_1_121' title='bbox 772 2373 898 2457; x_wconf 85' lang='lat' dir='ltr'>cingere</span> <span class='ocrx_word' id='word_1_122' title='bbox 920 2375 1021 2437; x_wconf 89' lang='lat' dir='ltr'>muris</span> 
     </span>
     <span class='ocr_line' id='line_1_20' title="bbox 81 2471 907 2560; baseline -0.008 -21"><span class='ocrx_word' id='word_1_123' title='bbox 81 2475 201 2560; x_wconf 76' lang='lat' dir='ltr'>oppida,</span> <span class='ocrx_word' id='word_1_124' title='bbox 223 2494 306 2556; x_wconf 88' lang='lat' dir='ltr'>quae</span> <span class='ocrx_word' id='word_1_125' title='bbox 328 2472 461 2536; x_wconf 79' lang='lat' dir='ltr'>iubeani</span> <span class='ocrx_word' id='word_1_126' title='bbox 483 2471 593 2534; x_wconf 73' lang='lat' dir='ltr'>telluri</span> <span class='ocrx_word' id='word_1_127' title='bbox 616 2471 769 2534; x_wconf 89' lang='lat' dir='ltr'>infindere</span> <span class='ocrx_word' id='word_1_128' title='bbox 793 2471 907 2533; x_wconf 83' lang='lat' dir='ltr'>sulcos,</span> 
     </span>
    </p>
   </div>
   <div class='ocr_carea' id='block_1_9' title="bbox 16 2600 1079 2883">
    <p class='ocr_par' dir='ltr' id='par_1_9' title="bbox 16 2600 1079 2883">
     <span class='ocr_line' id='line_1_21' title="bbox 16 2600 1004 2689; baseline -0.003 -20"><span class='ocrx_word' id='word_1_129' title='bbox 16 2609 20 2629; x_wconf 89' lang='lat'>¹</span> <span class='ocrx_word' id='word_1_130' title='bbox 82 2608 154 2671; x_wconf 81' lang='lat' dir='ltr'>aller</span> <span class='ocrx_word' id='word_1_131' title='bbox 175 2607 236 2671; x_wconf 75' lang='lat' dir='ltr'>erii</span> <span class='ocrx_word' id='word_1_132' title='bbox 259 2610 331 2669; x_wconf 71' lang='lat' dir='ltr'>tum</span> <span class='ocrx_word' id='word_1_133' title='bbox 354 2603 491 2689; x_wconf 73' lang='lat' dir='ltr'>Tiphys,</span> <span class='ocrx_word' id='word_1_134' title='bbox 513 2607 545 2666; x_wconf 72' lang='lat' dir='ltr'>el</span> <span class='ocrx_word' id='word_1_135' title='bbox 569 2603 669 2666; x_wconf 76' lang='lat' dir='ltr'>altera</span> <span class='ocrx_word' id='word_1_136' title='bbox 694 2624 774 2686; x_wconf 90' lang='lat' dir='ltr'>quae</span> <span class='ocrx_word' id='word_1_137' title='bbox 796 2600 893 2664; x_wconf 79' lang='lat' dir='ltr'>vehat</span> <span class='ocrx_word' id='word_1_138' title='bbox 915 2601 1004 2686; x_wconf 83' lang='lat' dir='ltr'>Argo</span> 
     </span>
     <span class='ocr_line' id='line_1_22' title="bbox 81 2699 1079 2785; baseline -0.001 -19"><span class='ocrx_word' id='word_1_139' title='bbox 81 2704 208 2768; x_wconf 77' lang='lat' dir='ltr'>delectos</span> <span class='ocrx_word' id='word_1_140' title='bbox 230 2702 361 2785; x_wconf 78' lang='lat' dir='ltr'>heroas3</span> <span class='ocrx_word' id='word_1_141' title='bbox 384 2704 479 2764; x_wconf 77' lang='lat' dir='ltr'>erunt</span> <span class='ocrx_word' id='word_1_142' title='bbox 501 2700 599 2764; x_wconf 78' lang='lat' dir='ltr'>eliam</span> <span class='ocrx_word' id='word_1_143' title='bbox 622 2700 723 2762; x_wconf 76' lang='lat' dir='ltr'>altera</span> <span class='ocrx_word' id='word_1_144' title='bbox 745 2699 843 2782; x_wconf 87' lang='lat' dir='ltr'>bella,</span> <span class='ocrx_word' id='word_1_145' title='bbox 1045 2717 1079 2765; x_wconf 87' lang='lat'>35</span> 
     </span>
     <span class='ocr_line' id='line_1_23' title="bbox 82 2793 1026 2883; baseline -0.001 -22"><span class='ocrx_word' id='word_1_146' title='bbox 82 2803 167 2883; x_wconf 76' lang='lat' dir='ltr'>atque</span> <span class='ocrx_word' id='word_1_147' title='bbox 189 2801 309 2863; x_wconf 68' lang='lat' dir='ltr'>iberum</span> <span class='ocrx_word' id='word_1_148' title='bbox 332 2798 372 2861; x_wconf 92' lang='lat' dir='ltr'>ad</span> <span class='ocrx_word' id='word_1_149' title='bbox 394 2796 523 2860; x_wconf 86' lang='lat' dir='ltr'>Troiam</span> <span class='ocrx_word' id='word_1_150' title='bbox 545 2817 681 2880; x_wconf 85' lang='lat' dir='ltr'>magnus</span> <span class='ocrx_word' id='word_1_151' title='bbox 704 2796 852 2858; x_wconf 72' lang='lat' dir='ltr'>mittetur</span> <span class='ocrx_word' id='word_1_152' title='bbox 874 2793 1026 2860; x_wconf 81' lang='lat' dir='ltr'>Achilles,</span> 
     </span>
    </p>
   </div>
   <div class='ocr_carea' id='block_1_10' title="bbox 81 2981 927 3242">
    <p class='ocr_par' dir='ltr' id='par_1_10' title="bbox 81 2981 927 3242">
     <span class='ocr_line' id='line_1_24' title="bbox 81 2981 927 3071; baseline -0.006 -23"><span class='ocrx_word' id='word_1_153' title='bbox 81 2983 167 3071; x_wconf 83' lang='lat' dir='ltr'>Hinc,</span> <span class='ocrx_word' id='word_1_154' title='bbox 188 2984 248 3050; x_wconf 91' lang='lat' dir='ltr'>ubi</span> <span class='ocrx_word' id='word_1_155' title='bbox 270 2983 337 3047; x_wconf 85' lang='lat' dir='ltr'>iam</span> <span class='ocrx_word' id='word_1_156' title='bbox 358 2984 485 3047; x_wconf 79' lang='lat' dir='ltr'>firmata</span> <span class='ocrx_word' id='word_1_157' title='bbox 508 2983 613 3046; x_wconf 87' lang='lat' dir='ltr'>virum</span> <span class='ocrx_word' id='word_1_158' title='bbox 636 2985 669 3044; x_wconf 82' lang='lat' dir='ltr'>te</span> <span class='ocrx_word' id='word_1_159' title='bbox 692 2981 802 3044; x_wconf 79' lang='lat' dir='ltr'>feceril</span> <span class='ocrx_word' id='word_1_160' title='bbox 826 2984 927 3066; x_wconf 79' lang='lat' dir='ltr'>actae,</span> 
     </span>
     <span class='ocr_line' id='line_1_25' title="bbox 81 3078 904 3165; baseline -0.004 -22"><span class='ocrx_word' id='word_1_161' title='bbox 81 3082 158 3145; x_wconf 79' lang='lat' dir='ltr'>cedet</span> <span class='ocrx_word' id='word_1_162' title='bbox 180 3086 213 3146; x_wconf 76' lang='lat' dir='ltr'>et</span> <span class='ocrx_word' id='word_1_163' title='bbox 235 3081 306 3165; x_wconf 88' lang='lat' dir='ltr'>ipse</span> <span class='ocrx_word' id='word_1_164' title='bbox 327 3079 410 3143; x_wconf 89' lang='lat' dir='ltr'>mari</span> <span class='ocrx_word' id='word_1_165' title='bbox 432 3083 555 3163; x_wconf 76' lang='lat' dir='ltr'>vector,</span> <span class='ocrx_word' id='word_1_166' title='bbox 576 3100 635 3142; x_wconf 89' lang='lat' dir='ltr'>nec</span> <span class='ocrx_word' id='word_1_167' title='bbox 657 3079 786 3141; x_wconf 83' lang='lat' dir='ltr'>nautica</span> <span class='ocrx_word' id='word_1_168' title='bbox 808 3078 904 3160; x_wconf 89' lang='lat' dir='ltr'>pinus</span> 
     </span>
     <span class='ocr_line' id='line_1_26' title="bbox 83 3175 854 3242; baseline -0.004 -3"><span class='ocrx_word' id='word_1_169' title='bbox 83 3179 207 3242; x_wconf 75' lang='lat' dir='ltr'>mutabit</span> <span class='ocrx_word' id='word_1_170' title='bbox 229 3197 364 3241; x_wconf 89' lang='lat' dir='ltr'>meroes:</span> <span class='ocrx_word' id='word_1_171' title='bbox 388 3175 492 3240; x_wconf 87' lang='lat' dir='ltr'>omnis</span> <span class='ocrx_word' id='word_1_172' title='bbox 515 3176 596 3239; x_wconf 78' lang='lat' dir='ltr'>ferei</span> <span class='ocrx_word' id='word_1_173' title='bbox 619 3175 727 3238; x_wconf 86' lang='lat' dir='ltr'>omnia</span> <span class='ocrx_word' id='word_1_174' title='bbox 749 3175 854 3237; x_wconf 76' lang='lat' dir='ltr'>tellus</span> 
     </span>
    </p>
   </div>
   <div class='ocr_carea' id='block_1_11' title="bbox 82 3315 1079 3596">
    <p class='ocr_par' dir='ltr' id='par_1_11' title="bbox 82 3315 1079 3596">
     <span class='ocr_line' id='line_1_27' title="bbox 82 3315 1079 3401; baseline 0 -23"><span class='ocrx_word' id='word_1_175' title='bbox 82 3336 138 3382; x_wconf 89' lang='lat' dir='ltr'>non</span> <span class='ocrx_word' id='word_1_176' title='bbox 157 3322 279 3383; x_wconf 68' lang='lat' dir='ltr'>rastros</span> <span class='ocrx_word' id='word_1_177' title='bbox 302 3317 445 3401; x_wconf 76' lang='lat' dir='ltr'>patietur</span> <span class='ocrx_word' id='word_1_178' title='bbox 466 3315 598 3401; x_wconf 79' lang='lat' dir='ltr'>humus,</span> <span class='ocrx_word' id='word_1_179' title='bbox 619 3337 687 3380; x_wconf 92' lang='lat' dir='ltr'>non</span> <span class='ocrx_word' id='word_1_180' title='bbox 704 3315 797 3379; x_wconf 88' lang='lat' dir='ltr'>vinea</span> <span class='ocrx_word' id='word_1_181' title='bbox 820 3315 946 3397; x_wconf 79' lang='lat' dir='ltr'>falcem3</span> <span class='ocrx_word' id='word_1_182' title='bbox 1045 3331 1079 3378; x_wconf 78' lang='grc' dir='ltr'>4ο</span> 
     </span>
     <span class='ocr_line' id='line_1_28' title="bbox 83 3413 959 3499; baseline -0.001 -25"><span class='ocrx_word' id='word_1_183' title='bbox 83 3413 220 3480; x_wconf 75' lang='lat' dir='ltr'>robustus</span> <span class='ocrx_word' id='word_1_184' title='bbox 245 3435 374 3499; x_wconf 91' lang='lat' dir='ltr'>quoquc</span> <span class='ocrx_word' id='word_1_185' title='bbox 397 3414 462 3478; x_wconf 91' lang='lat' dir='ltr'>iam</span> <span class='ocrx_word' id='word_1_186' title='bbox 484 3413 587 3476; x_wconf 73' lang='lat' dir='ltr'>tauris</span> <span class='ocrx_word' id='word_1_187' title='bbox 610 3413 686 3498; x_wconf 85' lang='lat' dir='ltr'>iuga</span> <span class='ocrx_word' id='word_1_188' title='bbox 710 3413 813 3477; x_wconf 77' lang='lat' dir='ltr'>solvet</span> <span class='ocrx_word' id='word_1_189' title='bbox 837 3415 959 3494; x_wconf 52' lang='lat' dir='ltr'>arabon</span> 
     </span>
     <span class='ocr_line' id='line_1_29' title="bbox 82 3509 786 3596; baseline 0.001 -24"><span class='ocrx_word' id='word_1_190' title='bbox 82 3530 129 3576; x_wconf 89' lang='lat' dir='ltr'>nec</span> <span class='ocrx_word' id='word_1_191' title='bbox 148 3513 252 3577; x_wconf 86' lang='lat' dir='ltr'>varios</span> <span class='ocrx_word' id='word_1_192' title='bbox 276 3511 378 3575; x_wconf 74' lang='lat' dir='ltr'>discet</span> <span class='ocrx_word' id='word_1_193' title='bbox 400 3509 530 3574; x_wconf 74' lang='lat' dir='ltr'>mentiri</span> <span class='ocrx_word' id='word_1_194' title='bbox 552 3510 626 3573; x_wconf 86' lang='lat' dir='ltr'>lana</span> <span class='ocrx_word' id='word_1_195' title='bbox 649 3510 786 3596; x_wconf 82' lang='lat' dir='ltr'>colores,</span> 
     </span>
    </p>
   </div>
   <div class='ocr_carea' id='block_1_12' title="bbox 0 0 1288 3958">
    <p class='ocr_par' dir='ltr' id='par_1_12' title="bbox 0 0 1288 3958">
     <span class='ocr_line' id='line_1_30' title="bbox 0 0 1288 3958; baseline 0 0"><span class='ocrx_word' id='word_1_196' title='bbox 0 0 1288 3958; x_wconf 95' lang='lat' dir='ltr'> </span> 
     </span>
    </p>
   </div>
  </div>
 </body>
</html>
