2580 3962
286 260 316 314 P.
335 259 483 314 VERGILI
501 261 666 316 MARONIS
686 261 881 316 NARRATIO.
1051 259 1089 332 lX

77 421 202 484 sulibus
232 421 350 505 quibus
377 426 473 486 natus
500 426 582 506 erat,
617 423 666 486 die
693 423 793 488 natali
822 445 895 508 suo,
927 445 990 507 quo
1018 421 1089 506 ipso

76 518 248 582 Lueretius
271 523 368 603 poeta
385 519 452 584 vita
476 520 618 603 decessit,
641 526 719 605 toga
737 518 855 604 virilil)
874 519 1091 584 Mediolanum

77 621 299 700 transgressus
327 615 423 700 paulo
451 620 525 699 post
553 638 635 680 anno
662 614 779 699 701s53
802 613 939 678 Romam
961 611 1089 701 venit).

143 712 197 776 Ibi
219 713 360 796 primum
378 713 571 777 rhetoricam
591 713 731 776 exercuit
750 713 834 796 apud
851 713 1005 794 Fpa'da'am
1024 733 1091 776 ora-

77 807 229 895 torem3),
263 831 357 894 quem
389 814 515 894 praeter
548 810 628 874 ahos
656 809 697 873 M.
721 809 857 873 Antonii
886 814 917 873 et
945 807 1090 873 Caesaris

78 905 248 970 Octaviani
272 911 511 991 praeceptorem
534 906 633 970 fuisse
657 927 728 969 cum
751 905 897 969 adfirmet
917 903 1091 970 Suetonius

78 1005 115 1068 de
139 1025 273 1088 gramm.
298 1009 329 1068 et
353 1003 433 1068 rhet.
459 1004 499 1068 28
524 1001 588 1090 (4),
610 1002 903 1085 non'inprobabile
927 1006 976 1066 est
1000 1000 1091 1066 Octa-

77 1101 173 1164 viano
197 1101 263 1164 iam
285 1105 355 1165 tum
377 1101 429 1165 vel
451 1101 547 1184 paulo
571 1105 646 1184 post
670 1099 897 1163 consuetudine
919 1099 1027 1182 aliqua
1045 1100 1091 1162 in-

77 1197 226 1262 notuisse
258 1197 498 1262 adulescentem.
541 1198 596 1262 sed
628 1197 667 1261 ad
702 1197 841 1262 forensia
875 1197 1004 1281 negotia
1041 1197 1092 1260 vel

78 1294 224 1378 corporis
247 1293 467 1358 imbecillitate
490 1294 621 1358 minime
643 1298 757 1358 natum
781 1293 958 1377 ‘felicitas’‚
986 1298 1023 1357 ut
1047 1294 1092 1357 ait

38 1399 45 1420 ⁸
79 1389 242 1478 seneca),
267 1390 403 1480 ‘ingenii
421 1391 457 1454 in
476 1391 620 1456 oratione
643 1391 749 1456 soluta
770 1391 927 1477 reliquit’,
950 1391 1092 1456 tardissi-

77 1511 169 1552 mum
201 1488 299 1552 etiam
331 1489 365 1552 in
395 1510 540 1552 sermone
565 1510 604 1552 ac
630 1510 730 1571 paene
758 1489 886 1552 indocto
914 1488 1048 1552 similem
1056 1485 1091 1574 ⁵).

79 1607 156 1671 ergo
180 1607 309 1649 eausam
332 1587 417 1669 apud
440 1585 560 1649 iudices
584 1607 681 1649 unam
705 1586 835 1649 omnino
859 1586 925 1670 egit
948 1607 1006 1650 nec
1029 1609 1092 1649 am-

78 1683 165 1767 plius
190 1705 286 1766 quam
310 1680 448 1769 semel⁶).
597 1749 600 1754 ,

147 1778 217 1854 Quo
236 1779 356 1843 maiore
375 1780 522 1844 incensus
542 1779 717 1862 cupiditate
736 1783 870 1844 naturae
889 1799 1003 1844 areana
1023 1802 1092 1864 per-

79 1877 243 1944 scrutandi
267 1877 306 1962 ad
325 1875 564 1960 philosophiam
584 1897 617 1939 se
637 1877 817 1960 applicavit,
841 1877 995 1961 magistro
1015 1899 1093 1940 usus

79 1975 192 2039 Sacae
214 1973 387 2057 Epicureo,
416 1971 578 2037 Ciceronis
611 1994 738 2056 quoque
765 1973 916 2038 familiari
924 1971 963 2060 ⁷),
1003 1973 1092 2038 euius

79 2071 248 2154 disciplina
270 2093 334 2134 una
353 2092 425 2134 cum
442 2070 585 2152 Alpheae
605 2070 687 2134 Varo
706 2070 850 2134 imbutus
869 2069 958 2157 esa).
983 2075 1093 2135 extant

155 2271 174 2338 1)
194 2269 320 2323 Donatus
339 2287 366 2338 p.
382 2273 424 2337 55,
445 2275 487 2324 14.

154 2339 174 2410 ²)
196 2340 347 2410 ‘Verpillas
364 2348 472 2409 cample
490 2347 554 2410 lopo
568 2341 760 2396 Mediolanum
778 2341 977 2410 traasprealltar
991 2347 1016 2394 et
1031 2347 1094 2408 post

80 2415 155 2466 breve
178 2418 283 2480 tempas
306 2411 422 2464 Romam
440 2412 545 2481 perpll’
571 2414 607 2480 (a.
628 2414 689 2480 701)
712 2410 896 2478 Hieronymus
922 2409 963 2464 Ol.
985 2415 1047 2476 181,
1067 2417 1092 2465 4.

81 2482 227 2537 ‘Oremorm
249 2481 441 2535 Mediolanum
465 2488 490 2536 et
516 2483 580 2536 lade
599 2483 686 2550 paalo
704 2488 773 2550 post
796 2481 908 2535 translit
934 2482 965 2534 ia
986 2483 1090 2536 arbem’

78 2554 207 2606 Donatus
221 2570 247 2620 p.
264 2556 306 2620 55,
323 2557 365 2619 17,
384 2551 433 2605 ubi
447 2552 565 2621 vulgata
586 2553 744 2621 ‘Neapolim
760 2552 882 2606 traaea'e't'
904 2551 998 2604 habet.
1027 2551 1093 2606 inde

80 2623 157 2693 apud
181 2622 308 2676 Servium
331 2621 361 2674 in
384 2622 443 2676 vita
466 2622 571 2692 legitur
596 2623 719 2677 ‘diversis
742 2624 773 2676 la
797 2624 860 2676 loeis
879 2638 989 2690 operam
1008 2623 1093 2678 literas

79 2695 168 2761 dodim
192 2711 257 2748 aava
276 2699 301 2747 ct
321 2693 465 2748 Oremoaae
483 2701 508 2748 et
527 2694 683 2748 Memorem·
701 2700 726 2747 et
744 2694 864 2760 Neapoli
881 2693 1006 2747 stadall)
1035 2694 1093 2747 Me·

80 2764 190 2819 diolani
209 2781 294 2832 quam
313 2763 431 2818 floreant
450 2764 545 2818 studia
562 2766 660 2817 narrat
677 2763 786 2817 Plinius
806 2780 848 2831 ep.
864 2762 903 2815 lV
918 2769 959 2817 13.

154 2835 393 2959 hiapspm'mamt
408 2851 435 2889 se
458 2835 586 2960 coatalip]
596 2835 721 2957 Romam4
736 2836 836 2959 (rorpap
860 2834 964 2958 oossddp}
987 2835 1094 2915 stactaa't

254 2922 312 2959 mm
364 2923 382 2959 a
437 2923 464 2958 m
721 2922 741 2958 a
858 2922 918 2958 rra
961 2921 1092 2958 ernensrs.

79 2908 156 3032 lim
171 2923 235 3030 loiri
246 2921 364 3030 sammg
375 2922 543 3045 elhrqeaealleli
560 2923 713 3031 dioillllm
731 2922 853 3042 cirillia,
876 2977 907 3029 a'a
926 2977 988 3030 beza
1006 2977 1094 3029 civilis

79 3055 201 3148 teampra
219 3047 332 3100 iacalll’
353 3046 510 3100 Probianae
530 3046 605 3100 vitae
626 3049 777 3116 excerptor.

79 3258 87 3310 l
152 3117 620 3312 ⁵l{l¹35ecliilslmalpulllDponillimi1
623 3207 649 3258 p
669 3193 710 3256 58,
732 3193 747 3240 5
766 3188 853 3242 verba
873 3189 949 3241 sunt:
977 3186 1010 3241 ef.
1030 3203 1095 3255 pro-

89 3275 151 3329 egg.
173 3279 215 3312 a.
273 3303 278 3312 .

151 3329 163 3361 ⁶
290 3327 296 3338 .

152 3333 173 3468 ⁷l
192 3327 373 3453 llllhllll
387 3328 533 3453 lirbllad.
553 3399 579 3452 Π
599 3405 649 3452 roe
670 3399 704 3452 de
723 3400 769 3452 fin.
788 3399 814 3452 Π
834 3403 892 3452 119.

150 3471 170 3539 ⁸)
193 3473 263 3525 ‘tam
289 3471 340 3525 llll
363 3469 488 3525 Saoaem
507 3469 592 3525 Maro
611 3471 726 3526 eeatala't
749 3471 810 3538 ipsa
828 3471 987 3540 amplarum
1006 3468 1095 3522 Roma

77 3549 171 3610 poleas
181 3557 358 3611 proceresque
372 3557 436 3595 saos
449 3541 501 3596 tibi
516 3542 608 3596 amaa
622 3543 734 3596 uarices:
750 3540 996 3595 PollloMaeeeaac
1006 3539 1096 3592 Varae
