2576 3970
414 251 563 306 vaacrtr
580 251 713 320 anmals
733 253 771 306 VI
1023 253 1090 318 235

88 413 151 477 tris
170 412 389 499 Antenoridae,
412 412 582 498 Cererique
605 435 730 479 sacrum
751 414 933 499 Polyboten

86 509 271 595 Idaeumque
295 511 394 592 etiam
417 533 539 597 currus,
561 512 660 576 etiam
682 535 770 576 arma
792 517 962 577 tenentem.
1039 529 1091 577 485

87 609 288 672 circumstant
312 609 436 672 animae
460 609 572 672 dextra
594 608 747 692 laevaque
769 610 949 672 frementes.

86 725 146 768 neo
165 704 277 768 vidisse
301 705 399 768 semel
423 704 502 768 satis
526 709 587 788 est3
611 705 701 770 iuvat
724 727 825 788 usque
848 706 967 769 morari

87 805 120 864 et
144 802 278 865 conferre
302 801 437 885 gradum
461 805 493 864 et
516 801 662 865 veniendi
685 802 804 866 discere
827 824 947 866 causas.

87 902 122 960 at
145 896 285 964 Danaum
307 919 454 980 proceres
477 897 812 983 Agamemnoniaeque
835 899 1010 984 phalanges

87 999 125 1058 ut
146 994 245 1057 videre
267 994 374 1058 virum
396 994 616 1078 fulgentiaque
640 1017 727 1058 arma
750 1018 806 1079 per
829 996 968 1080 umbras,
1039 1013 1092 1060 400

86 1091 206 1176 ingenti
227 1090 386 1174 trepidare
409 1095 510 1154 metu:
534 1113 609 1174 pars
632 1096 755 1156 vertere
778 1097 879 1178 terga,

87 1210 144 1252 ceu
165 1188 322 1272 quondam
344 1188 464 1272 petiere
486 1191 585 1271 rates3
608 1211 683 1271 pars
706 1189 821 1253 tollere
843 1211 950 1254 vocem

86 1286 238 1370 exiguam,
259 1285 406 1367 inceptus
430 1283 549 1348 clamor
571 1285 747 1350 frustratur
769 1286 899 1350 hiantia

131 1382 233 1466 Atque
254 1381 307 1446 hie
329 1381 514 1444 Priamiden
535 1381 693 1446 laniatum
716 1403 849 1466 corpore
872 1387 944 1447 toto

86 1479 286 1563 Deiphobum
308 1479 400 1562 vidit,
422 1479 562 1542 lacerum
585 1479 755 1544 crudeliter
779 1503 844 1565 ora,
1040 1497 1091 1545 495

87 1600 143 1642 ora
163 1598 337 1660 manusque
360 1575 481 1659 ambas,
503 1576 721 1660 populataque
744 1581 889 1662 tempora
913 1577 1015 1660 raptis

87 1675 213 1738 auribus
236 1679 268 1740 et
290 1678 421 1737 truncas
444 1672 616 1738 inhonesto
640 1675 768 1738 volnere
791 1675 887 1739 naria.

87 1773 139 1836 uix
161 1773 236 1836 adeo
260 1770 414 1855 adgnovit
436 1769 634 1853 pavitantem
657 1792 693 1834 ac
715 1771 784 1834 dira
807 1775 969 1856 tegentem

87 1870 248 1954 supplicia,
270 1873 303 1932 et
324 1868 412 1933 notis
436 1867 606 1951 compellat
629 1868 761 1932 vocibus
784 1869 885 1933 ultro:

88 1966 262 2050 ‘Deiphobe
277 1964 485 2048 armipotens,
503 1984 604 2048 genus
619 1965 686 2028 alto
701 1989 720 2029 0
734 1966 889 2050 sanguine
904 1965 1026 2051 Teucri,
1040 1983 1092 2032 500

87 2065 155 2148 quis
177 2068 245 2127 tam
268 2061 405 2125 crudelis
430 2061 554 2144 optavit
578 2083 702 2125 sumere
724 2061 865 2145 poenas?

87 2162 135 2226 eui
156 2163 285 2224 tantum
307 2159 345 2222 de
368 2163 401 2221 te
424 2158 536 2222 houit?
560 2157 640 2220 mihi
663 2159 748 2222 fama
771 2180 919 2242 suprema

87 2262 176 2322 nocte
198 2256 276 2320 tulit
299 2255 420 2318 fessum
442 2259 535 2318 vasta
556 2259 589 2319 te
612 2257 706 2320 caede
727 2255 899 2339 Pelasgum

88 2353 291 2439 procubuisse
315 2373 410 2434 super
434 2353 583 2416 confusae
607 2353 725 2438 stragis
749 2373 902 2416 acervom.

87 2459 160 2517 tune
183 2453 309 2536 egomet
332 2449 493 2512 tumulum
515 2448 660 2514 Rhoeteo
683 2449 778 2512 litore
800 2449 929 2512 inanem
1041 2465 1092 2512 000

86 2549 238 2615 constitui
260 2551 293 2611 00
315 2567 433 2632 magna
454 2547 557 2610 manis
581 2550 631 2611 ter
653 2567 730 2610 voce
753 2546 872 2610 vocavi.

86 2669 200 2712 nomen
222 2650 255 2709 et
278 2667 366 2709 arma
388 2644 495 2707 locum
518 2645 658 2707 servant:
681 2645 723 2726 te,
746 2643 854 2726 amice,
876 2641 1007 2725 nequivi

87 2745 265 2828 conspicere
288 2746 321 2806 et
344 2740 449 2825 patria
471 2740 622 2804 decedens
645 2760 762 2822 ponere
785 2740 891 2804 terra'

87 2844 122 2906 ad
147 2862 229 2926 quae
250 2838 441 2904 Priamides:
465 2837 559 2901 ‘nihil
582 2859 601 2900 0
624 2837 687 2900 tibi
710 2837 810 2900 amice
832 2836 992 2919 relictum3

88 2940 191 3004 omnia
213 2936 384 3020 Deiphobo
409 2935 536 2999 solvisti
559 2939 591 2998 00
613 2933 735 2998 funeris
759 2934 890 2998 umbris.
1043 2950 1095 2998 510

87 3039 139 3101 sed
159 3058 211 3100 me
233 3035 302 3099 fata
324 3055 394 3096 mea
417 3037 450 3096 00
473 3034 575 3096 scelus
599 3032 728 3095 exitiale
750 3030 912 3095 Lacaenae

86 3134 134 3198 his
156 3155 296 3198 mersere
318 3131 426 3213 malis;
447 3131 505 3193 illa
527 3129 605 3192 haec
626 3128 824 3194 monimenta
846 3126 986 3210 reliquit.

87 3253 219 3315 namque
243 3234 281 3294 ut
304 3250 485 3312 supremam
507 3227 588 3291 falsa
610 3226 696 3289 inter
719 3225 834 3310 gaudia
857 3229 984 3288 noctem

88 3329 251 3414 egerimus,
274 3326 375 3409 nosti3
399 3329 431 3388 et
453 3323 589 3388 nimium
611 3322 796 3386 meminisse
817 3341 946 3385 neeesse
970 3325 1027 3383 est.

87 3449 153 3490 cum
176 3425 286 3490 fatalis
311 3445 384 3488 ecus
409 3423 494 3486 saltu
517 3442 613 3504 super
636 3420 734 3484 ardua
756 3419 844 3483 venit
1042 3435 1094 3481 515

88 3523 237 3612 Pergama
260 3525 293 3588 et
317 3524 476 3586 armatum
499 3519 639 3605 peditem
663 3517 770 3604 gravis
795 3515 906 3581 attulit
930 3515 1013 3600 alvo,
