2574 3964
192 257 237 320 90
484 219 630 310 vanum
649 254 860 312 saonereor
879 254 930 310 1111

193 417 307 482 accolit
330 417 431 481 effuso
456 421 661 502 stagnantem
682 416 815 480 flumine
836 413 949 482 Nilum

193 519 226 579 et
249 511 368 579 circum
390 515 486 598 pictis
509 514 638 578 vehitur
662 536 720 577 sua
742 537 818 578 rura
840 515 997 600 phaselis,

102 614 105 709 ζ
193 611 265 677 “et
288 611 422 676 viridem
444 609 630 695 Aegyptum
652 609 746 695 nigra
768 611 917 676 fecundat
939 612 1076 696 harena,

102 732 104 741 ’
194 706 266 771 **et
288 707 413 772 diversa
435 729 532 771 ruens
556 710 680 790 septem
702 707 853 772 discurrit
876 709 911 772 in
934 731 990 772 ora

101 830 103 899 ᾗ
194 803 316 888 *usqne
339 806 491 870 coloratis
515 805 617 869 amnis
641 805 778 868 devexus
803 805 842 869 ab
865 804 967 891 India,

101 907 103 959 ἓ
195 921 322 986 quaque
345 903 547 987 pharetratae
570 901 686 967 vicinia
708 901 847 965 Persidis
870 907 1001 988 urguet,

101 1011 105 1085 t
195 997 299 1061 omnis
322 997 358 1062 in
378 998 439 1062 hac
462 1001 583 1062 certam
604 998 694 1082 regio
718 999 794 1062 iacit
818 1002 886 1062 arte
910 1001 1056 1064 salutem.

103 1088 105 1104 '
195 1096 330 1180 exiguus
353 1096 493 1178 primum
515 1099 612 1178 atque
635 1096 723 1179 ipsos
746 1099 931 1161 contractus
954 1099 989 1160 in
1012 1121 1091 1161 usus

195 1193 327 1277 eligitur
349 1192 453 1276 locus,
474 1190 561 1255 hunc
584 1192 778 1276 angustique
800 1192 932 1258 imbrice
954 1195 1033 1258 tecti

195 1289 436 1373 parietibusque
460 1291 609 1371 premunt
633 1289 712 1352 artis
736 1293 769 1353 et
793 1294 947 1374 quattuor
971 1292 1108 1377 addunt,

196 1389 350 1469 quattuor
374 1386 519 1450 aventis
543 1384 674 1468 obliqua
696 1386 766 1451 luce
789 1387 954 1452 fenestras.

195 1489 267 1547 tum
288 1483 410 1547 vitulus
434 1482 521 1546 bima
543 1504 679 1546 curvans
702 1483 767 1546 iam
789 1505 909 1548 cornua
931 1485 1038 1550 fronte
1284 1561 1285 1566 η

197 1581 377 1665 quaeritur3
400 1580 475 1644 huic
498 1580 642 1664 geminae
664 1600 758 1643 nares
782 1585 814 1644 et
838 1581 972 1664 spiritus
997 1583 1063 1646 oris
1159 1601 1211 1649 300

196 1678 299 1743 multa
321 1677 493 1741 reluctanti
516 1676 714 1761 obstruitur,
736 1677 904 1762 plagisque
927 1684 1095 1763 perempto

196 1779 294 1838 tunsa
315 1796 373 1857 per
394 1774 555 1858 integram
578 1774 746 1837 solvontur
769 1775 891 1839 viscera
914 1777 1038 1859 pellem.

198 1872 244 1936 sic
266 1872 409 1954 positum
431 1871 467 1934 in
489 1871 597 1935 clauso
620 1871 744 1936 lincunt
768 1875 800 1934 et
822 1894 930 1936 ramea
953 1873 1052 1936 costis

197 1967 360 2032 subiciunt
382 1969 579 2053 fragmenta,
602 1967 750 2050 thymum
773 1969 938 2052 casiasque
961 1972 1108 2035 recentis.

140 2121 144 2153 ,
196 2066 258 2130 hoc
280 2065 403 2150 geritur
426 2065 574 2148 zephyris
593 2065 733 2148 primum
755 2065 996 2148 impellentibus
1019 2069 1135 2154 undas,
1159 2087 1211 2135 300

141 2177 144 2233 2
197 2163 386 2226 antenoris
410 2162 546 2226 rubeant
569 2183 666 2245 quam
688 2166 782 2245 prata
804 2163 981 2248 coloribus,
1004 2169 1079 2228 ante

138 2309 141 2347 ,
197 2261 326 2346 garrula
349 2281 446 2343 quam
468 2259 568 2343 tignis
591 2259 702 2322 nidum
726 2261 899 2343 suspendat
921 2261 1068 2325 hirundo

136 2360 140 2386 ¹
196 2359 318 2422 interea
340 2357 459 2420 teneris
482 2357 660 2440 tepefactus
683 2357 718 2419 in
741 2357 869 2421 ossibus
892 2379 986 2421 umor

197 2459 336 2539 aestuat,
359 2457 391 2517 et
413 2453 544 2517 visenda
567 2453 670 2516 modis
694 2453 844 2517 animalia
866 2454 972 2539 miris,

196 2558 311 2616 trunca
333 2551 449 2635 pedum
471 2551 590 2636 primo,
612 2572 687 2614 mox
711 2555 742 2613 et
766 2549 935 2614 stridentia
957 2551 1083 2638 pinnis,
1160 2572 1211 2619 310

196 2650 371 2714 miscentur
399 2651 591 2730 tenuemque
613 2648 716 2732 magis
740 2648 843 2731 magis
867 2653 940 2711 a‘e'ra
962 2654 1114 2734 carpunt,

197 2747 296 2810 donec
318 2749 355 2808 ut
379 2745 510 2809 aestivis
533 2744 653 2808 effusus
676 2745 818 2808 nubibus
841 2744 946 2808 imber

197 2865 329 2926 erupere
352 2845 407 2905 aut
431 2845 468 2905 ut
490 2863 588 2905 nervo
612 2833 762 2924 pulsante
785 2842 937 2927 sagittae,

197 2941 302 3025 prima
323 2939 409 3018 leves
432 2938 545 3001 ineunt
569 2937 725 3020 siquando
748 2939 870 3022 proelia
893 2937 1013 3004 Parthi.

243 3035 320 3112 Quis
335 3035 411 3098 deus
425 3035 517 3119 hane,
535 3033 656 3119 Musae,
675 3033 748 3118 quis
761 3036 856 3100 nobis
871 3037 996 3100 extudit
1015 3039 1140 3102 artem?
1161 3057 1213 3106 310

198 3134 281 3198 unde
303 3154 386 3196 nova
409 3133 574 3216 ingressus
597 3130 764 3196 hominum
788 3132 984 3215 experientia
1006 3133 1116 3216 cepit?

198 3233 310 3315 pastor
332 3227 501 3292 Aristaeus
524 3227 651 3311 fugiens
675 3226 791 3292 Peneia
814 3229 932 3312 Tempe

199 3326 340 3410 arnissis,
363 3329 400 3388 ut
422 3325 520 3410 fama,
544 3324 658 3407 apibus
682 3325 859 3409 morboque
882 3327 1029 3410 fameque

198 3423 304 3486 tristis
328 3422 367 3484 ad
391 3422 525 3484 extremi
548 3443 674 3485 sacrum
697 3426 793 3504 caput
816 3424 942 3487 adstitit
966 3425 1067 3488 amnis

199 3520 303 3583 multa
327 3539 462 3601 querens
487 3522 582 3600 atque
605 3518 665 3582 hac
688 3519 814 3583 adfatus
837 3542 914 3584 voce
936 3525 1116 3604 parentem:
1163 3540 1214 3588 330
