2552 3958
282 220 311 274 P.
327 219 476 274 veneni
493 219 656 274 MARONIS
676 219 872 275 NARRATIO.
1023 219 1083 273 XLI

159 381 287 446 Minora
320 403 401 466 quae
432 381 508 445 huic
539 381 695 446 volumini
723 382 887 467 vulgarem
915 385 1083 446 consuetu·

70 478 177 542 dinem
215 479 316 543 secuti
354 479 556 542 adiunximus
596 479 735 543 carmina
771 479 806 542 in
841 479 993 542 iudicium
1029 500 1082 542 vo-

70 575 139 639 cavi
162 575 416 659 prolegomenon
439 576 479 640 ed
502 575 707 659 appendicem
721 573 941 660 Vergilienem
965 573 1081 662 (1878)

70 669 215 756 cepitel
248 677 280 735 ei
312 693 445 755 poeseos
473 671 565 736 Rom.
587 669 621 737 Π
646 672 688 736 14
703 693 748 756 sq.
778 671 842 736 346
858 693 926 755 sqq.
954 671 1017 736 361
1035 693 1081 754 sq.

71 768 150 832 adde
169 791 252 853 quse
267 767 479 832 Buechelerus
498 768 674 854 disputavit
691 791 772 834 mus.
790 767 891 834 Rhen.
910 767 1082 833 XXXVIII

70 865 134 931 506
149 888 219 950 sqq.
236 863 326 930 XLV
344 865 406 929 321
419 888 487 949 sqq.
521 863 663 931 Culicem
685 866 844 929 recensuit
866 868 899 929 et
922 865 1081 930 enerravit

69 964 165 1028 docto
191 967 223 1027 ei
248 963 361 1026 subtili
384 964 611 1028 commentario
634 961 814 1027 Fridericus
835 962 900 1026 Leo
920 959 1044 1049 (1891).

69 1162 149 1208 erunt
171 1155 327 1224 reliq-neeit’
348 1153 475 1208 Donatus
497 1172 524 1224 p.
540 1159 573 1208 63
591 1154 624 1208 R.
665 1155 781 1209 ‘Varius
803 1161 828 1210 et
854 1155 944 1210 Tncca
968 1156 1081 1225 Vespilii

69 1233 93 1279 et
108 1225 227 1279 Horatii
244 1227 448 1280 contubernales
463 1232 557 1294 poetae
575 1227 709 1280 nubentur
725 1226 862 1292 inlustres,
879 1227 928 1296 qni
946 1225 1080 1280 Aeneidos

68 1303 163 1364 posted
182 1297 266 1350 libros
283 1298 461 1351 emendunmt
478 1299 527 1352 snb
547 1297 601 1367 lepe
618 1314 663 1363 ea,
681 1303 712 1350 nt
729 1298 800 1350 ninii
818 1298 961 1351 adderent'
983 1295 1079 1350 Hiero·

69 1384 171 1434 nymus
196 1365 238 1420 01.
260 1372 323 1432 190,
342 1373 368 1422 4.
412 1370 518 1436 'postea
540 1368 574 1422 ab
596 1370 722 1438 Anpnsto
744 1367 890 1422 Aeneidem
911 1369 1079 1436 propositam

69 1439 181 1507 scripsit
200 1439 283 1492 annis
302 1437 356 1504 XI,
374 1438 420 1492 sed
437 1455 486 1492 nec
503 1439 655 1492 emendavit
671 1455 720 1492 nec
738 1439 830 1492 edidit.
857 1439 930 1493 nnde
948 1455 1006 1492 ean
1024 1455 1079 1492 nto·

70 1511 144 1563 tiens
159 1509 300 1577 praecepit
317 1509 433 1562 incendi.
464 1509 607 1578 Anpnstns
624 1525 694 1575 oeno,
711 1525 745 1563 ne
764 1515 870 1562 tnntnn
888 1526 956 1578 opus
970 1511 1079 1580 periret,

72 1581 192 1634 Tuccam
214 1586 240 1632 et
264 1579 377 1633 Varinnt
398 1580 449 1633 hnc
472 1581 526 1649 lepe
548 1580 629 1634 iussit
650 1581 801 1646 emendare,
824 1587 856 1634 nt
877 1581 1014 1650 snperslnn
1036 1581 1078 1634 de-

69 1657 183 1717 merent,
211 1651 282 1703 ninii
304 1651 435 1704 adderent
456 1651 560 1704 tuinen’
590 1649 701 1704 Servius
726 1649 756 1703 in
780 1649 849 1705 viia.
892 1651 1002 1706 ‘Annis
1025 1669 1078 1706 sei·-

70 1728 135 1775 natu
154 1722 189 1774 ab
207 1720 345 1790 Anpnsto,
368 1721 490 1790 pncnois
509 1721 566 1790 ipse
586 1727 741 1775 testamento
759 1722 941 1788 damnaverit,
959 1739 993 1776 ne
1013 1724 1080 1792 qnid

8 1841 11 1848 .
70 1807 162 1846 eninm
181 1809 250 1860 qnae
268 1809 326 1845 non
343 1792 469 1846 edidisset
485 1797 597 1857 extaret,
615 1793 686 1860 qnod
704 1799 729 1846 et
746 1791 856 1846 Seroins
875 1793 963 1847 Vanis
982 1793 1078 1860 (Mun-

69 1879 117 1917 ius
135 1861 263 1932 Iahnius)
285 1863 334 1916 ltoc
356 1869 470 1916 testatur
491 1863 697 1932 epiprnninatc'
718 1877 741 1916 e.
761 1879 786 1930 q.
807 1881 827 1916 s.
846 1862 952 1917 Probus
970 1862 1001 1918 in
1018 1864 1079 1917 vite

70 1952 95 2001 p.
112 1938 128 1986 2
148 1931 181 1986 Κ.
211 1931 245 1986 cf.
266 1931 373 1985 Plinius
392 1931 634 2000 n.h.V1130,31
658 1930 764 1986 Gellius
783 1931 860 1986 XVII
880 1939 920 2001 10,
937 1939 951 1986 Ἰ
970 1933 1077 1988 Maero-

70 2004 134 2056 bius
156 2004 214 2058 sat.
234 2003 248 2055 Ι
271 2007 318 2066 24,
339 2010 362 2056 6.
410 2002 552 2072 disputavi
581 2003 615 2056 de
642 2003 727 2057 Vario
756 2003 886 2057 Aeneidis
914 2004 1020 2058 editore
1049 2006 1079 2058 in

70 2074 196 2144 prolegg.
216 2090 276 2142 cap.
287 2072 347 2126 VII.
