2538 3970
142 287 208 352 282
454 287 601 342 VERGILI
620 287 752 342 AENEIS
766 289 831 342 VIII

142 447 261 512 evomit
283 449 482 533 involvitque
506 449 635 514 domum
658 451 794 535 caligine
816 473 916 538 caeca,

141 549 347 628 prospectum
371 545 508 628 eripiens
533 546 643 631 oculis,
667 547 888 633 glomeratque
912 549 971 613 sub
996 553 1089 612 antro

142 641 324 705 fumiferam
345 646 472 706 noctem
494 643 677 706 commixtis
701 643 774 728 igne
797 646 947 710 tenebris.
1100 661 1154 709 005

141 758 208 800 non
230 738 307 802 tulit
329 736 456 802 Alcides
481 738 595 802 animis
620 761 716 823 seque
738 741 807 825 ipse
829 765 886 826 per
909 743 1016 828 ignem

141 835 309 918 praecipiti
331 835 405 900 iecit
429 836 523 921 saltu,
547 858 610 919 qua
632 836 790 920 plurimus
813 839 931 903 undam

142 931 249 996 fumus
273 933 341 1017 agit
362 933 543 1016 nebulaque
565 933 678 1017 ingens
703 956 815 1019 specus
839 941 964 1001 aestuat
988 941 1066 1001 atra.

119 1027 195 1097 lhic
218 1026 335 1093 Cacum
358 1029 393 1093 in
416 1029 557 1094 tenebris
580 1029 725 1094 incendia
748 1053 829 1094 vana
852 1037 1033 1097 vomentem

72 1102 124 1168 ‘V'
142 1126 275 1210 corripit
297 1127 333 1190 in
354 1125 475 1190 nodum
497 1126 681 1210 complexus
705 1132 737 1191 00
761 1129 852 1213 angit
874 1129 1044 1194 inhaerens
1100 1147 1155 1197 000

143 1222 238 1287 elisos
262 1223 371 1287 oculos
395 1227 427 1287 00
451 1223 569 1288 siccum
593 1224 747 1308 sanguine
770 1229 891 1309 guttur.

116 1307 119 1314 ¹
142 1319 293 1402 panditur
316 1320 476 1403 extemplo
499 1321 624 1384 foribus
648 1321 760 1384 domus
784 1325 855 1386 atra
877 1324 1021 1410 revolsis,
1127 1327 1130 1336 ’

143 1415 386 1500 abstractaeque
409 1416 507 1482 boves
532 1417 759 1501 abiurataeque
781 1419 911 1503 rapinae

143 1513 228 1578 caelo
253 1513 475 1600 ostenduntur,
497 1514 696 1598 pedibusque
718 1513 855 1578 informe
878 1515 1009 1579 cadaver

101 1624 107 1661 0
142 1610 352 1694 protrahitur.
398 1615 562 1694 nequeunt
586 1611 705 1694 expleri
729 1612 824 1676 corda
845 1613 964 1676 tuendo
1101 1631 1153 1680 000

59 1737 80 1780 s
142 1707 297 1771 terribilis
322 1708 450 1792 oculos·
463 1708 588 1772 voltum
610 1708 789 1792 villosaque
812 1709 908 1773 saetis

142 1808 272 1888 pectora
295 1803 434 1867 semiferi
457 1807 553 1887 atque
576 1805 734 1869 extinctos
752 1804 899 1870 faucibus
922 1799 1016 1891 ignis,

102 1887 104 1897 ¹
142 1924 181 1965 ex
203 1901 260 1965 illo
284 1901 461 1965 celebratus
483 1901 597 1986 honos,
618 1901 758 1984 laetique
780 1903 920 1967 minores

144 2019 308 2062 servavere
332 1998 424 2082 diem,
446 1997 633 2080 primusque
655 1996 796 2062 Potitius
820 2004 931 2064 auctor

143 2101 175 2160 00
198 2095 310 2159 domus
334 2093 482 2158 Herculei
506 2098 614 2158 custos
636 2092 766 2160 Pinaria
789 2097 878 2160 sacri.
1100 2115 1153 2165 070

141 2193 224 2257 hanc
247 2214 333 2256 aram
356 2192 429 2256 luco
453 2191 577 2276 statuit,
601 2212 681 2275 quae
703 2215 852 2270 maxuma
876 2215 998 2277 semper

142 2292 265 2355 dicetur
286 2289 382 2354 nobis
406 2293 438 2352 et
462 2289 523 2352 erit
547 2311 627 2373 quae
649 2311 798 2354 maxuma
821 2311 954 2374 semper.

143 2409 240 2473 quare
263 2387 359 2472 agite,
382 2408 400 2450 ο
424 2387 563 2471 iuvenes,
586 2390 750 2450 tantarum
773 2387 808 2450 in
829 2409 959 2452 munere
981 2389 1113 2453 laudum

142 2485 262 2571 cingite
284 2482 396 2548 fronde
420 2504 526 2546 comas
550 2486 582 2546 ct
605 2483 719 2566 pocula
741 2484 869 2568 porgite
891 2483 1013 2548 dextris

93 2614 96 2619 ·
142 2601 404 2664 communemque
427 2584 538 2644 vocate
562 2578 656 2642 deum
678 2584 710 2644 et
733 2580 805 2643 date
828 2580 903 2644 vina
925 2581 1152 2646 volentes.'ats

142 2680 275 2763 dixerat,
296 2675 453 2741 Herculea
475 2675 598 2740 bicolor
620 2698 692 2740 cum
715 2677 854 2760 populus
877 2678 991 2742 umbra

142 2775 323 2858 velavitque
346 2796 452 2838 comas
475 2773 627 2858 foliisque
649 2774 766 2838 innexa
788 2774 938 2857 pependit

142 2876 175 2935 00
199 2893 287 2936 00000
309 2869 454 2954 implevit
478 2869 623 2934 dextram
647 2870 793 2955 scyphus.
841 2871 929 2936 ocius
952 2893 1062 2938 omues

142 2969 176 3032 in
200 2989 343 3032 mensam
365 2967 442 3032 laeti
464 2967 569 3031 libant
593 2967 747 3052 divosque
769 2972 948 3052 precantur.

186 3065 314 3129 Devexo
338 3065 460 3128 interea
482 3064 615 3147 propior
637 3064 675 3128 fit
698 3064 821 3148 Vesper
844 3063 990 3147 Olympo.
1100 3081 1154 3130 000

141 3163 269 3245 iamque
293 3163 472 3226 sacerdotes
495 3161 682 3244 primusque
705 3161 846 3225 Potitius
868 3161 970 3247 ibant,

142 3259 281 3344 pellibus
304 3259 340 3322 in
361 3281 484 3323 morem
507 3259 613 3344 cincti,
635 3258 842 3341 flammasque
865 3258 1018 3322 ferebant.

143 3357 340 3442 [instaurant
363 3355 473 3439 epulas
497 3359 529 3419 et
552 3377 679 3420 mensae
703 3358 796 3438 grata
820 3353 973 3418 secundae

142 3455 225 3518 dona
248 3455 356 3518 ferunt
379 3453 607 3535 cumulantque
630 3451 770 3516 oneratis
793 3451 939 3515 lancibus
966 3449 1060 3536 aras]

140 3557 210 3616 tum
235 3551 307 3616 salii
332 3550 370 3614 ad
394 3553 506 3614 cantus
529 3551 658 3614 incensa
682 3549 796 3613 altaria
820 3548 937 3613 circum
1100 3565 1155 3614 000
