2556 3966
370 201 519 256 Vulcani
536 201 670 255 annuis
688 201 740 256 XII
995 201 1062 265 403

90 363 157 428 Nec
180 365 288 428 minus
311 363 449 448 Aeneas,
473 385 667 447 quamquam
690 362 817 427 tardata
840 363 960 447 sagitta

42 465 207 527 interdum
231 484 337 548 genua
360 461 539 544 impediunt
563 482 756 544 cursumque
778 466 937 528 recusant.

42 561 228 644 insequitur
251 557 432 642 trepidique
455 557 568 642 pedem
590 558 670 641 pede
693 557 833 622 fervidus
856 569 964 643 urget:

42 660 204 722 inclusum
227 657 329 722 331311
353 657 511 740 siquando
533 655 666 719 flumine
688 659 825 718 nanctus

43 779 171 820 cervom
195 759 252 819 aut
274 754 427 838 puniceae
451 756 597 836 saeptum
620 752 790 816 formidine
813 753 930 836 pinnae
1009 770 1060 817 730
1097 784 1107 876 q

42 857 178 916 venator
201 873 298 916 cursu
322 851 410 915 canis
434 855 466 914 et
489 849 661 912 latratibus
674 850 800 933 'instat3
1095 880 1101 934 ς

42 951 97 1014 1113
121 954 241 1033 autem,
263 949 389 1012 insidiis
414 951 446 1011 et
470 947 541 1030 ripa
563 947 696 1010 territus
720 947 795 1030 alta,
1084 938 1097 1091 l

42 1047 131 1110 mille
153 1047 241 1130 fugit
263 1045 448 1130 refugitque
470 1045 551 1127 rias3
576 1047 610 1107 at
634 1043 758 1108 vividus
782 1042 905 1108 Umber

40 1145 152 1207 haeret
175 1143 280 1227 hiena,
302 1142 367 1206 iam
389 1142 517 1224 iamque
541 1144 630 1204 tenet
654 1140 832 1224 similisque
855 1140 979 1204 tenenti
1078 1132 1084 1203 1

41 1241 202 1324 increpuit
226 1239 319 1302 malis
342 1259 517 1321 morsuque
541 1238 651 1301 elusus
675 1237 763 1300 inani
787 1241 845 1302 est.
1007 1218 1082 1328 7331

42 1343 113 1402 tum
134 1359 212 1401 vero
236 1337 381 1400 exoritur
404 1336 532 1418 clamor,
555 1335 707 1418 ripaeque
730 1335 882 1418 lacusque

41 1439 236 1519 responsant
259 1435 341 1498 circa
364 1437 397 1497 et
420 1433 542 1497 caelum
564 1435 657 1494 tonat
680 1453 774 1494 omne
796 1431 949 1495 tumultu.

41 1533 96 1595 ille
120 1531 219 1595 simul
241 1530 368 1614 fugiens
391 1529 531 1593 Rutulos
555 1528 652 1591 simul
674 1530 817 1611 increpat
843 1530 957 1614 omnis,

41 1627 173 1690 nomine
196 1647 353 1710 quemque
375 1646 503 1709 vocans,
524 1628 701 1708 notumque
724 1624 883 1710 efflagitat
905 1647 1020 1689 ensem.

41 1723 168 1786 Aeneas
191 1727 329 1786 mortem
352 1725 463 1785 contra
486 1743 700 1804 praesensque
722 1722 864 1785 minatur
1004 1741 1055 1789 733

42 1820 188 1904 exitium,
211 1820 240 1882 si
263 1819 433 1902 quisquam
457 1819 557 1904 adeat,
580 1823 743 1902 terretque
766 1820 934 1884 trementis

42 1917 226 1980 excisurum
248 1915 361 1979 urbem
383 1916 537 1979 minitans
561 1919 593 1979 et
617 1917 742 1979 saucius
766 1916 833 1978 inst
854 1919 876 1978 t.

42 2013 186 2096 quinque
210 2012 297 2076 orbis
321 2013 449 2095 explent
472 2033 568 2076 cursu
590 2013 787 2096 totidemque
810 2016 959 2076 retexunt

41 2110 105 2175 huc
127 2110 219 2193 illuc;
241 2131 344 2192 neque
368 2111 452 2172 enim
474 2109 557 2172 levia
580 2113 636 2190 331
659 2109 781 2172 ludicra
803 2113 958 2191 petuntur

41 2207 194 2290 praemia,
217 2205 272 2270 sed
294 2206 396 2269 Turni
418 2205 456 2268 de
478 2207 546 2270 3113
569 2210 601 2268 31
625 2207 780 2290 sanguine
803 2210 934 2271 certant.
1002 2225 1051 2272 733

40 2305 126 2368 forte
152 2325 239 2366 sacer
260 2301 371 2366 Fauno
395 2303 482 2366 foliis
507 2303 643 2366 oleaster
667 2304 783 2366 amaris

40 2401 94 2464 hic
117 2403 262 2484 steterat,
280 2399 388 2462 nautis
413 2399 492 2476 olim
515 2399 695 2464 venerabile
718 2401 853 2486 lignum,

42 2497 163 2562 servati
187 2518 225 2560 ex
247 2496 341 2559 undis
364 2496 421 2559 ubi
444 2497 542 2580 figere
565 2496 647 2559 dona
671 2497 818 2560 solebant

41 2593 197 2658 Laurenti
219 2592 292 2656 divo
316 2596 348 2654 et
370 2597 463 2656 votas
488 2593 679 2676 suspendere
702 2597 821 2676 vestes3

42 2693 96 2756 sed
121 2691 255 2773 stirpem
278 2689 391 2754 Teucri
413 2691 503 2754 nullo
528 2689 709 2752 discrimine
733 2711 859 2753 sacrum
1000 2709 1051 2758 773

41 2788 250 2871 sustulerant,
272 2807 353 2870 puro
376 2791 413 2850 ut
436 2790 568 2870 possent
591 2807 776 2850 concurrere
799 2807 924 2870 campo:

40 2885 91 2949 hic
114 2883 210 2947 hasta
232 2883 358 2946 Aeneae
382 2885 498 2970 stabat,
519 2882 582 2946 huc
604 2883 743 2966 impetus
766 2883 857 2947 illam

41 2981 200 3047 detulerat
223 2980 320 3044 fixam
343 2984 375 3044 et
397 2981 485 3045 13313
507 2981 614 3043 radice
638 2980 775 3043 tenebat.

41 3079 188 3144 incubuit
210 3077 377 3161 voluitque
400 3098 498 3140 manu
521 3077 696 3140 convellere
719 3076 839 3140 ferrum

40 3175 238 3242 Dardanides
261 3174 390 3258 teloque
413 3174 504 3256 sequi
528 3195 622 3257 quem
645 3174 797 3257 prendere
821 3196 915 3240 cursu
1000 3195 1051 3244 773

40 3297 106 3338 333
128 3275 265 3358 poterat,
311 3275 381 3334 tum
404 3279 617 3360 verOQ
629 3270 811 3362 1333111133
829 3273 955 3338 Turnus

42 3371 170 3455 ‘Fauna
192 3390 312 3452 precor,
335 3367 497 3431 miserere'
520 3367 626 3451 inquit
650 3368 761 3450 ‘tuque
786 3371 908 3452 optima
930 3372 1050 3436 ferrum

41 3469 138 3533 Terra
160 3471 244 3550 tene,
266 3465 351 3528 colui
375 3468 498 3528 vestros
524 3465 551 3526 si
576 3486 699 3548 semper
722 3465 870 3552 honores,

785 3570 838 3622 26*

1024 1609 1051 1658 3(

220 3665 401 3774 *dl-affl
431 3678 486 3770 fae
511 3683 656 3814 ,dofris
694 3724 699 3740 ·
