2530 3960
188 236 254 298 444
600 236 791 292 MORETUM.

189 397 311 482 tinguit
335 421 417 482 aqua
440 398 618 481 lapidisque
643 420 755 462 cavum
779 399 913 463 dimittit
935 401 972 462 in
994 399 1111 464 orbem.

188 493 240 557 his
265 495 340 558 salis
364 495 523 578 inspergit
546 495 654 580 micas,
677 495 742 558 sale
766 495 863 558 durus
888 495 983 560 adeso

189 613 299 654 caseus
323 592 467 676 adicitur,
490 591 591 654 dictas
615 613 710 674 super
733 593 851 676 ingerit
874 593 1002 678 herbas,

190 691 221 750 et
244 687 334 751 laeva
356 691 477 752 vestem
501 691 628 751 saetosa
650 689 710 751 sub
734 689 867 773 inguina
890 689 996 753 fulcit:
1149 707 1191 754 100

190 784 319 848 dextera
341 785 465 868 pistillo
488 785 628 867 primum
650 785 828 868 fragrantia
851 786 957 849 mollit

190 881 261 966 alia,
283 886 353 945 tum
375 883 496 964 pariter
518 882 620 944 mixto
644 881 720 944 terit
744 881 852 944 omnia
875 904 959 946 suco.

189 979 216 1041 it
239 1001 353 1042 manus
376 980 412 1042 in
434 999 562 1063 gyrum:
585 978 742 1061 paulatim
765 978 892 1062 singula
915 981 1001 1044 vires

190 1075 367 1158 deperdunt
390 1076 550 1160 proprias3
574 1077 662 1140 color
684 1079 734 1139 est
756 1097 773 1139 e
795 1076 944 1158 pluribus
967 1099 1063 1162 unus,

188 1194 247 1236 nec
269 1176 358 1236 totus
381 1173 502 1256 viridis,
526 1173 602 1256 quia
623 1173 726 1236 lactea
747 1173 853 1236 frusta
876 1179 1069 1257 repugnant,
1148 1189 1188 1236 100

189 1291 247 1334 nec
270 1269 308 1333 de
330 1269 412 1332 lacte
434 1269 551 1354 nitens,
574 1269 649 1352 quia
672 1273 723 1332 tot
745 1269 889 1332 variatur
912 1270 953 1333 ab
977 1269 1097 1334 herbis.
1240 1273 1241 1284 ³

190 1389 283 1450 saepe
306 1366 368 1429 viri
390 1388 483 1430 nares
508 1388 579 1430 acer
600 1365 758 1429 iaculatur
782 1371 908 1449 apertas

190 1455 323 1548 spiritus
347 1466 379 1526 et
402 1463 483 1526 simo
508 1462 637 1526 damnat
660 1484 719 1525 sua
740 1461 874 1544 prandia
897 1462 1005 1547 vultu3

191 1583 283 1644 saepe
305 1582 403 1624 manu
427 1582 551 1623 summa
573 1558 775 1621 lacrimantia
795 1558 918 1622 lumina
940 1560 1043 1643 tergit

189 1659 413 1741 immeritoque
435 1658 544 1720 furens
569 1654 645 1718 dicit
668 1655 810 1718 convicia
828 1655 925 1719 fumo.
1149 1673 1188 1718 110

190 1755 380 1838 procedebat
403 1775 496 1836 opus:
519 1774 585 1816 non
606 1752 672 1815 iam
695 1752 887 1837 salebrosus‚
909 1756 947 1815 ut
970 1757 1056 1838 ante,

191 1853 245 1916 sed
268 1852 396 1936 gravior
418 1850 524 1913 lentos
547 1849 616 1912 ibat
638 1849 781 1931 pistillos
804 1850 840 1912 in
863 1850 965 1912 orbes

190 1971 266 2034 ergo
289 1947 424 2012 Palladii
448 1951 558 2030 guttas
580 1945 720 2009 instillat
744 1947 820 2010 olivi

190 2047 360 2130 exiguique
384 2065 479 2126 super
501 2043 586 2106 vires
609 2042 750 2105 infundit
774 2043 854 2106 aceti

191 2149 286 2227 atque
309 2143 426 2204 iterum
449 2140 632 2204 commiscet
656 2161 736 2223 opus
754 2141 956 2224 mixtumque
974 2145 1188 2206 retractatus
1244 2127 1245 2146 ¹

189 2246 260 2305 tum
282 2240 410 2303 demum
433 2237 544 2321 digitis
562 2237 716 2300 mortaria
738 2240 808 2300 tota
831 2237 957 2301 duobus

190 2337 302 2402 circuit
324 2337 421 2417 inque
445 2333 577 2417 globum
600 2332 754 2396 distantia
777 2333 939 2398 contrahit
962 2356 1073 2421 unum,

190 2437 315 2498 constet
338 2435 375 2494 ut
399 2429 501 2493 effecti
524 2428 644 2510 species
666 2451 846 2513 nomenque
869 2431 994 2495 moreti.

190 2532 273 2596 eruit
295 2531 417 2592 interea
441 2524 575 2609 Scybale
599 2547 727 2610 quoque
750 2528 859 2591 sedula
882 2549 1007 2612 panem,

190 2652 284 2713 quem
307 2626 405 2690 lautis
429 2624 543 2706 recipit
565 2624 723 2708 mambae,
745 2624 903 2708 pulsoque
926 2625 1043 2689 timore
1148 2645 1189 2691 100

189 2728 253 2789 iam
276 2724 370 2788 famis
393 2722 490 2805 inque
513 2719 596 2782 diem
619 2741 748 2783 securus
772 2718 913 2802 Simylus
936 2722 1027 2801 illam

190 2823 292 2887 ambit
315 2843 407 2884 crura
431 2818 531 2883 ocreis
554 2818 685 2899 paribus
708 2820 876 2900 tectusque
899 2817 1008 2901 galero

190 2921 249 2983 sub
273 2921 349 3003 iuga
372 2921 519 3001 parentes
542 2914 629 2998 cogit
651 2915 755 2978 lorata
777 2913 928 2976 iuvencos

189 3022 285 3098 atque
309 3015 376 3098 agit
399 3014 433 3075 in
458 3015 581 3095 segetes
604 3015 636 3073 et
659 3014 762 3074 terrae
786 3008 894 3072 condit
918 3015 1070 3076 aratrum.
