<?xml version="1.0" encoding="UTF-8"?>
<!DOCTYPE html PUBLIC "-//W3C//DTD XHTML 1.0 Transitional//EN"
    "http://www.w3.org/TR/xhtml1/DTD/xhtml1-transitional.dtd">
<html xmlns="http://www.w3.org/1999/xhtml" xml:lang="en" lang="en">
 <head>
  <title>
</title>
<meta http-equiv="Content-Type" content="text/html;charset=utf-8" />
  <meta name='ocr-system' content='tesseract 3.04.00' />
  <meta name='ocr-capabilities' content='ocr_page ocr_carea ocr_par ocr_line ocrx_word'/>
</head>
<body>
  <div class='ocr_page' id='page_1' title='image "./pvergilimaronis11virggoog/pvergilimaronis11virggoog_0107.png"; bbox 0 0 2574 3964; ppageno 0'>
   <div class='ocr_carea' id='block_1_1' title="bbox 198 242 914 309">
    <p class='ocr_par' dir='ltr' id='par_1_1' title="bbox 198 242 914 309">
     <span class='ocr_line' id='line_1_1' title="bbox 198 242 914 309; baseline 0.003 -15"><span class='ocrx_word' id='word_1_1' title='bbox 198 245 242 309; x_wconf 79' lang='lat'><strong>54</strong></span> <span class='ocrx_word' id='word_1_2' title='bbox 496 243 644 298; x_wconf 81' lang='lat' dir='ltr'><strong>vasam</strong></span> <span class='ocrx_word' id='word_1_3' title='bbox 662 242 870 299; x_wconf 81' lang='lat' dir='ltr'><strong>euoncrcon</strong></span> <span class='ocrx_word' id='word_1_4' title='bbox 889 243 914 296; x_wconf 90' lang='lat' dir='ltr'><strong>u</strong></span> 
     </span>
    </p>
   </div>
   <div class='ocr_carea' id='block_1_2' title="bbox 197 405 1212 782">
    <p class='ocr_par' dir='ltr' id='par_1_2' title="bbox 197 405 1212 588">
     <span class='ocr_line' id='line_1_2' title="bbox 197 405 1094 492; baseline -0.002 -22"><span class='ocrx_word' id='word_1_5' title='bbox 197 429 278 491; x_wconf 90' lang='lat' dir='ltr'><strong>quae</strong></span> <span class='ocrx_word' id='word_1_6' title='bbox 302 407 408 491; x_wconf 83' lang='lat' dir='ltr'><strong>gravis</strong></span> <span class='ocrx_word' id='word_1_7' title='bbox 432 410 481 470; x_wconf 87' lang='grc'><strong>555</strong></span> <span class='ocrx_word' id='word_1_8' title='bbox 504 405 575 490; x_wconf 89' lang='lat' dir='ltr'><strong>ipso</strong></span> <span class='ocrx_word' id='word_1_9' title='bbox 598 406 730 470; x_wconf 75' lang='lat' dir='ltr'>tacitam</span> <span class='ocrx_word' id='word_1_10' title='bbox 754 427 787 469; x_wconf 90' lang='lat' dir='ltr'><strong>se</strong></span> <span class='ocrx_word' id='word_1_11' title='bbox 810 406 949 488; x_wconf 90' lang='lat' dir='ltr'><strong>pondere</strong></span> <span class='ocrx_word' id='word_1_12' title='bbox 971 405 1094 492; x_wconf 81' lang='lat' dir='ltr'><strong>prodit,</strong></span> 
     </span>
     <span class='ocr_line' id='line_1_3' title="bbox 198 501 1212 588; baseline 0 -22"><span class='ocrx_word' id='word_1_13' title='bbox 198 525 341 588; x_wconf 91' lang='lat' dir='ltr'><strong>quaeque</strong></span> <span class='ocrx_word' id='word_1_14' title='bbox 370 503 458 567; x_wconf 91' lang='lat' dir='ltr'><strong>levis.</strong></span> <span class='ocrx_word' id='word_1_15' title='bbox 512 507 699 586; x_wconf 91' lang='lat' dir='ltr'><strong>promptum</strong></span> <span class='ocrx_word' id='word_1_16' title='bbox 728 505 776 566; x_wconf 90' lang='lat' dir='ltr'><strong>est</strong></span> <span class='ocrx_word' id='word_1_17' title='bbox 810 501 909 566; x_wconf 91' lang='lat' dir='ltr'><strong>oculis</strong></span> <span class='ocrx_word' id='word_1_18' title='bbox 939 501 1138 584; x_wconf 78' lang='lat' dir='ltr'>praediscere</span> <span class='ocrx_word' id='word_1_19' title='bbox 1160 502 1212 566; x_wconf 89' lang='lat' dir='ltr'><strong>ni-</strong></span> 
     </span>
    </p>

    <p class='ocr_par' dir='ltr' id='par_1_3' title="bbox 198 615 1210 782">
     <span class='ocr_line' id='line_1_4' title="bbox 582 615 1210 684; baseline 0.003 -23"><span class='ocrx_word' id='word_1_20' title='bbox 582 678 584 682; x_wconf 27' lang='grc'><strong>,</strong></span> <span class='ocrx_word' id='word_1_21' title='bbox 992 618 1092 684; x_wconf 67' lang='lat' dir='ltr'><strong>gram</strong></span> <span class='ocrx_word' id='word_1_22' title='bbox 1154 615 1210 663; x_wconf 78' lang='grc'><strong>555</strong></span> 
     </span>
     <span class='ocr_line' id='line_1_5' title="bbox 198 695 1128 782; baseline -0.004 -21"><span class='ocrx_word' id='word_1_23' title='bbox 198 701 231 761; x_wconf 91' lang='grc'><strong>55</strong></span> <span class='ocrx_word' id='word_1_24' title='bbox 255 698 401 782; x_wconf 90' lang='lat' dir='ltr'><strong>quisquis</strong></span> <span class='ocrx_word' id='word_1_25' title='bbox 425 697 521 762; x_wconf 89' lang='lat' dir='ltr'><strong>color.</strong></span> <span class='ocrx_word' id='word_1_26' title='bbox 567 701 601 761; x_wconf 89' lang='lat' dir='ltr'><strong>at</strong></span> <span class='ocrx_word' id='word_1_27' title='bbox 624 697 813 760; x_wconf 86' lang='lat' dir='ltr'><strong>sceleratum</strong></span> <span class='ocrx_word' id='word_1_28' title='bbox 835 695 1001 778; x_wconf 85' lang='lat' dir='ltr'><strong>exquirere</strong></span> <span class='ocrx_word' id='word_1_29' title='bbox 1022 695 1128 779; x_wconf 83' lang='lat' dir='ltr'><strong>frigus</strong></span> 
     </span>
    </p>
   </div>
   <div class='ocr_carea' id='block_1_3' title="bbox 198 793 1211 1752">
    <p class='ocr_par' dir='ltr' id='par_1_4' title="bbox 198 793 1040 974">
     <span class='ocr_line' id='line_1_6' title="bbox 198 793 977 878; baseline -0.004 -20"><span class='ocrx_word' id='word_1_30' title='bbox 198 793 372 872; x_wconf 84' lang='lat' dir='ltr'><strong>difficilest:</strong></span> <span class='ocrx_word' id='word_1_31' title='bbox 396 795 503 878; x_wconf 81' lang='lat' dir='ltr'><strong>piceae</strong></span> <span class='ocrx_word' id='word_1_32' title='bbox 525 797 653 857; x_wconf 89' lang='lat' dir='ltr'><strong>tantum</strong></span> <span class='ocrx_word' id='word_1_33' title='bbox 674 793 805 876; x_wconf 87' lang='lat' dir='ltr'><strong>taxique</strong></span> <span class='ocrx_word' id='word_1_34' title='bbox 827 795 977 856; x_wconf 78' lang='lat' dir='ltr'><strong>nocentes</strong></span> 
     </span>
     <span class='ocr_line' id='line_1_7' title="bbox 198 889 1040 974; baseline -0.002 -20"><span class='ocrx_word' id='word_1_35' title='bbox 198 891 360 955; x_wconf 88' lang='lat' dir='ltr'><strong>interdum</strong></span> <span class='ocrx_word' id='word_1_36' title='bbox 383 895 439 956; x_wconf 90' lang='lat' dir='ltr'><strong>aut</strong></span> <span class='ocrx_word' id='word_1_37' title='bbox 463 891 572 955; x_wconf 87' lang='lat' dir='ltr'><strong>ederae</strong></span> <span class='ocrx_word' id='word_1_38' title='bbox 594 891 739 974; x_wconf 90' lang='lat' dir='ltr'><strong>pandunt</strong></span> <span class='ocrx_word' id='word_1_39' title='bbox 761 889 899 973; x_wconf 83' lang='lat' dir='ltr'><strong>vestigia</strong></span> <span class='ocrx_word' id='word_1_40' title='bbox 921 889 1040 973; x_wconf 83' lang='lat' dir='ltr'><strong>nigrae.</strong></span> 
     </span>
    </p>

    <p class='ocr_par' dir='ltr' id='par_1_5' title="bbox 199 987 1211 1752">
     <span class='ocr_line' id='line_1_8' title="bbox 242 987 1184 1052; baseline -0.002 0"><span class='ocrx_word' id='word_1_41' title='bbox 242 987 304 1052; x_wconf 91' lang='lat' dir='ltr'><strong>His</strong></span> <span class='ocrx_word' id='word_1_42' title='bbox 327 989 470 1052; x_wconf 84' lang='lat' dir='ltr'><strong>animum</strong></span> <span class='ocrx_word' id='word_1_43' title='bbox 493 988 633 1052; x_wconf 81' lang='lat' dir='ltr'><strong>adversis</strong></span> <span class='ocrx_word' id='word_1_44' title='bbox 656 993 776 1051; x_wconf 87' lang='lat' dir='ltr'><strong>terram</strong></span> <span class='ocrx_word' id='word_1_45' title='bbox 797 987 900 1050; x_wconf 88' lang='lat' dir='ltr'><strong>multo</strong></span> <span class='ocrx_word' id='word_1_46' title='bbox 924 989 999 1050; x_wconf 87' lang='lat' dir='ltr'><strong>ante</strong></span> <span class='ocrx_word' id='word_1_47' title='bbox 1020 990 1184 1050; x_wconf 90' lang='lat' dir='ltr'><strong>memento</strong></span> 
     </span>
     <span class='ocr_line' id='line_1_9' title="bbox 199 1083 1211 1171; baseline -0.002 -21"><span class='ocrx_word' id='word_1_48' title='bbox 199 1107 373 1170; x_wconf 78' lang='lat' dir='ltr'><strong>excoquere</strong></span> <span class='ocrx_word' id='word_1_49' title='bbox 396 1091 428 1150; x_wconf 91' lang='grc'><strong>55</strong></span> <span class='ocrx_word' id='word_1_50' title='bbox 449 1107 583 1171; x_wconf 86' lang='lat' dir='ltr'><strong>magnos</strong></span> <span class='ocrx_word' id='word_1_51' title='bbox 608 1085 774 1150; x_wconf 77' lang='lat' dir='ltr'><strong>scrobibus</strong></span> <span class='ocrx_word' id='word_1_52' title='bbox 798 1083 961 1148; x_wconf 88' lang='lat' dir='ltr'><strong>concidere</strong></span> <span class='ocrx_word' id='word_1_53' title='bbox 982 1084 1119 1168; x_wconf 86' lang='lat' dir='ltr'><strong>montis,</strong></span> <span class='ocrx_word' id='word_1_54' title='bbox 1155 1101 1211 1150; x_wconf 81' lang='lat'><strong>260</strong></span> 
     </span>
     <span class='ocr_line' id='line_1_10' title="bbox 199 1180 985 1266; baseline -0.005 -20"><span class='ocrx_word' id='word_1_55' title='bbox 199 1187 273 1246; x_wconf 90' lang='lat' dir='ltr'><strong>ante</strong></span> <span class='ocrx_word' id='word_1_56' title='bbox 296 1183 462 1266; x_wconf 88' lang='lat' dir='ltr'><strong>supinatas</strong></span> <span class='ocrx_word' id='word_1_57' title='bbox 487 1182 631 1266; x_wconf 87' lang='lat' dir='ltr'><strong>aquiloni</strong></span> <span class='ocrx_word' id='word_1_58' title='bbox 654 1182 819 1246; x_wconf 88' lang='lat' dir='ltr'><strong>ostendere</strong></span> <span class='ocrx_word' id='word_1_59' title='bbox 842 1180 985 1264; x_wconf 79' lang='lat' dir='ltr'><strong>glaebas,</strong></span> 
     </span>
     <span class='ocr_line' id='line_1_11' title="bbox 199 1278 1109 1364; baseline -0.004 -20"><span class='ocrx_word' id='word_1_60' title='bbox 199 1302 296 1364; x_wconf 90' lang='lat' dir='ltr'><strong>quam</strong></span> <span class='ocrx_word' id='word_1_61' title='bbox 317 1279 438 1342; x_wconf 88' lang='lat' dir='ltr'><strong>laetum</strong></span> <span class='ocrx_word' id='word_1_62' title='bbox 460 1279 598 1343; x_wconf 86' lang='lat' dir='ltr'><strong>infodias</strong></span> <span class='ocrx_word' id='word_1_63' title='bbox 621 1278 697 1342; x_wconf 82' lang='lat' dir='ltr'><strong>vitis</strong></span> <span class='ocrx_word' id='word_1_64' title='bbox 721 1299 829 1362; x_wconf 89' lang='lat' dir='ltr'><strong>genus.</strong></span> <span class='ocrx_word' id='word_1_65' title='bbox 876 1278 997 1360; x_wconf 84' lang='lat' dir='ltr'><strong>optima</strong></span> <span class='ocrx_word' id='word_1_66' title='bbox 1019 1278 1109 1360; x_wconf 91' lang='lat' dir='ltr'><strong>putri</strong></span> 
     </span>
     <span class='ocr_line' id='line_1_12' title="bbox 199 1375 1046 1460; baseline -0.004 -20"><span class='ocrx_word' id='word_1_67' title='bbox 199 1399 275 1440; x_wconf 85' lang='lat' dir='ltr'><strong>arva</strong></span> <span class='ocrx_word' id='word_1_68' title='bbox 299 1376 381 1440; x_wconf 91' lang='lat' dir='ltr'><strong>solo:</strong></span> <span class='ocrx_word' id='word_1_69' title='bbox 404 1375 437 1440; x_wconf 92' lang='lat' dir='ltr'><strong>id</strong></span> <span class='ocrx_word' id='word_1_70' title='bbox 459 1375 548 1440; x_wconf 86' lang='lat' dir='ltr'><strong>venti</strong></span> <span class='ocrx_word' id='word_1_71' title='bbox 570 1379 683 1440; x_wconf 87' lang='lat' dir='ltr'><strong>curant</strong></span> <span class='ocrx_word' id='word_1_72' title='bbox 706 1376 891 1460; x_wconf 82' lang='lat' dir='ltr'><strong>gelidaeque</strong></span> <span class='ocrx_word' id='word_1_73' title='bbox 913 1375 1046 1458; x_wconf 89' lang='lat' dir='ltr'><strong>pruinae</strong></span> 
     </span>
     <span class='ocr_line' id='line_1_13' title="bbox 200 1472 1010 1556; baseline -0.002 -20"><span class='ocrx_word' id='word_1_74' title='bbox 200 1477 232 1537; x_wconf 91' lang='grc'><strong>55</strong></span> <span class='ocrx_word' id='word_1_75' title='bbox 254 1473 412 1536; x_wconf 86' lang='lat' dir='ltr'><strong>labefacta</strong></span> <span class='ocrx_word' id='word_1_76' title='bbox 433 1494 565 1538; x_wconf 86' lang='lat' dir='ltr'><strong>movens</strong></span> <span class='ocrx_word' id='word_1_77' title='bbox 580 1473 741 1536; x_wconf 83' lang='lat' dir='ltr'><strong>robustus</strong></span> <span class='ocrx_word' id='word_1_78' title='bbox 764 1473 875 1556; x_wconf 87' lang='lat' dir='ltr'><strong>iugera</strong></span> <span class='ocrx_word' id='word_1_79' title='bbox 896 1472 1010 1535; x_wconf 82' lang='lat' dir='ltr'><strong>fossor.</strong></span> 
     </span>
     <span class='ocr_line' id='line_1_14' title="bbox 200 1569 1211 1654; baseline 0.004 -21"><span class='ocrx_word' id='word_1_80' title='bbox 200 1591 237 1634; x_wconf 88' lang='lat' dir='ltr'><strong>ac</strong></span> <span class='ocrx_word' id='word_1_81' title='bbox 260 1569 369 1653; x_wconf 89' lang='lat' dir='ltr'><strong>siquos</strong></span> <span class='ocrx_word' id='word_1_82' title='bbox 392 1569 472 1633; x_wconf 91' lang='lat' dir='ltr'><strong>haut</strong></span> <span class='ocrx_word' id='word_1_83' title='bbox 494 1569 561 1633; x_wconf 88' lang='lat' dir='ltr'><strong>ulla</strong></span> <span class='ocrx_word' id='word_1_84' title='bbox 583 1570 670 1634; x_wconf 89' lang='lat' dir='ltr'><strong>viros</strong></span> <span class='ocrx_word' id='word_1_85' title='bbox 693 1569 862 1654; x_wconf 84' lang='lat' dir='ltr'><strong>vigilantia</strong></span> <span class='ocrx_word' id='word_1_86' title='bbox 883 1569 985 1652; x_wconf 83' lang='lat' dir='ltr'><strong>fugit,</strong></span> <span class='ocrx_word' id='word_1_87' title='bbox 1010 1570 1013 1580; x_wconf 87' lang='lat'>&#39;</span> <span class='ocrx_word' id='word_1_88' title='bbox 1114 1629 1116 1634; x_wconf 93' lang='lat'><em>.</em></span> <span class='ocrx_word' id='word_1_89' title='bbox 1157 1589 1211 1637; x_wconf 79' lang='lat'><strong>265</strong></span> 
     </span>
     <span class='ocr_line' id='line_1_15' title="bbox 201 1666 1131 1752; baseline 0.001 -22"><span class='ocrx_word' id='word_1_90' title='bbox 201 1671 275 1730; x_wconf 87' lang='lat' dir='ltr'><strong>ante</strong></span> <span class='ocrx_word' id='word_1_91' title='bbox 296 1667 403 1730; x_wconf 89' lang='lat' dir='ltr'><strong>locum</strong></span> <span class='ocrx_word' id='word_1_92' title='bbox 426 1667 563 1730; x_wconf 87' lang='lat' dir='ltr'><strong>similem</strong></span> <span class='ocrx_word' id='word_1_93' title='bbox 586 1666 772 1752; x_wconf 81' lang='lat' dir='ltr'><strong>exquirunt,</strong></span> <span class='ocrx_word' id='word_1_94' title='bbox 794 1667 851 1730; x_wconf 92' lang='lat' dir='ltr'><strong>ubi</strong></span> <span class='ocrx_word' id='word_1_95' title='bbox 872 1667 976 1750; x_wconf 89' lang='lat' dir='ltr'><strong>prima</strong></span> <span class='ocrx_word' id='word_1_96' title='bbox 999 1671 1131 1750; x_wconf 89' lang='lat' dir='ltr'><strong>paretur</strong></span> 
     </span>
    </p>
   </div>
   <div class='ocr_carea' id='block_1_4' title="bbox 106 1763 1029 1849">
    <p class='ocr_par' dir='ltr' id='par_1_6' title="bbox 106 1763 1029 1849">
     <span class='ocr_line' id='line_1_16' title="bbox 106 1763 1029 1849; baseline -0.004 -19"><span class='ocrx_word' id='word_1_97' title='bbox 106 1826 107 1830; x_wconf 75' lang='grc'>,</span> <span class='ocrx_word' id='word_1_98' title='bbox 201 1763 370 1828; x_wconf 89' lang='lat' dir='ltr'><strong>arboribus</strong></span> <span class='ocrx_word' id='word_1_99' title='bbox 394 1785 484 1848; x_wconf 89' lang='lat' dir='ltr'><strong>seges</strong></span> <span class='ocrx_word' id='word_1_100' title='bbox 509 1768 541 1828; x_wconf 91' lang='lat' dir='ltr'><strong>et</strong></span> <span class='ocrx_word' id='word_1_101' title='bbox 564 1785 627 1847; x_wconf 90' lang='lat' dir='ltr'><strong>quo</strong></span> <span class='ocrx_word' id='word_1_102' title='bbox 650 1785 725 1827; x_wconf 88' lang='lat' dir='ltr'><strong>mox</strong></span> <span class='ocrx_word' id='word_1_103' title='bbox 748 1764 873 1848; x_wconf 92' lang='lat' dir='ltr'><strong>digesta</strong></span> <span class='ocrx_word' id='word_1_104' title='bbox 894 1764 1029 1849; x_wconf 81' lang='lat' dir='ltr'><strong>feratur,</strong></span> 
     </span>
    </p>
   </div>
   <div class='ocr_carea' id='block_1_5' title="bbox 165 1860 1216 3595">
    <p class='ocr_par' dir='ltr' id='par_1_7' title="bbox 201 1860 1034 1943">
     <span class='ocr_line' id='line_1_17' title="bbox 201 1860 1034 1943; baseline 0 -19"><span class='ocrx_word' id='word_1_105' title='bbox 201 1864 359 1924; x_wconf 86' lang='lat' dir='ltr'><strong>mutatam</strong></span> <span class='ocrx_word' id='word_1_106' title='bbox 381 1860 530 1943; x_wconf 88' lang='lat' dir='ltr'><strong>ignorent</strong></span> <span class='ocrx_word' id='word_1_107' title='bbox 554 1860 662 1924; x_wconf 79' lang='lat' dir='ltr'><strong>subito</strong></span> <span class='ocrx_word' id='word_1_108' title='bbox 685 1882 726 1924; x_wconf 90' lang='lat' dir='ltr'><strong>ne</strong></span> <span class='ocrx_word' id='word_1_109' title='bbox 748 1860 869 1924; x_wconf 85' lang='lat' dir='ltr'><strong>semina</strong></span> <span class='ocrx_word' id='word_1_110' title='bbox 891 1863 1034 1924; x_wconf 87' lang='lat' dir='ltr'><strong>matrem.</strong></span> 
     </span>
    </p>

    <p class='ocr_par' dir='ltr' id='par_1_8' title="bbox 202 1956 1050 2042">
     <span class='ocr_line' id='line_1_18' title="bbox 202 1956 1050 2042; baseline -0.001 -21"><span class='ocrx_word' id='word_1_111' title='bbox 202 1959 281 2042; x_wconf 92' lang='lat' dir='ltr'><strong>quin</strong></span> <span class='ocrx_word' id='word_1_112' title='bbox 304 1957 401 2020; x_wconf 89' lang='lat' dir='ltr'><strong>etiam</strong></span> <span class='ocrx_word' id='word_1_113' title='bbox 423 1958 501 2022; x_wconf 91' lang='lat' dir='ltr'><strong>caeli</strong></span> <span class='ocrx_word' id='word_1_114' title='bbox 523 1958 687 2042; x_wconf 83' lang='lat' dir='ltr'><strong>regionem</strong></span> <span class='ocrx_word' id='word_1_115' title='bbox 708 1957 744 2020; x_wconf 92' lang='lat' dir='ltr'><strong>in</strong></span> <span class='ocrx_word' id='word_1_116' title='bbox 766 1957 883 2020; x_wconf 82' lang='lat' dir='ltr'><strong>corbiae</strong></span> <span class='ocrx_word' id='word_1_117' title='bbox 907 1956 1050 2041; x_wconf 81' lang='lat' dir='ltr'><strong>signant,</strong></span> 
     </span>
    </p>

    <p class='ocr_par' dir='ltr' id='par_1_9' title="bbox 200 2055 1212 2433">
     <span class='ocr_line' id='line_1_19' title="bbox 201 2055 1212 2139; baseline 0.004 -21"><span class='ocrx_word' id='word_1_118' title='bbox 201 2060 238 2118; x_wconf 91' lang='lat' dir='ltr'><strong>ut</strong></span> <span class='ocrx_word' id='word_1_119' title='bbox 261 2076 325 2138; x_wconf 92' lang='lat' dir='ltr'><strong>quo</strong></span> <span class='ocrx_word' id='word_1_120' title='bbox 349 2076 492 2138; x_wconf 89' lang='lat' dir='ltr'><strong>quaeque</strong></span> <span class='ocrx_word' id='word_1_121' title='bbox 515 2055 609 2118; x_wconf 94' lang='lat' dir='ltr'><strong>modo</strong></span> <span class='ocrx_word' id='word_1_122' title='bbox 629 2055 778 2139; x_wconf 53' lang='lat' dir='ltr'><strong>steterit„</strong></span> <span class='ocrx_word' id='word_1_123' title='bbox 793 2077 856 2138; x_wconf 87' lang='lat' dir='ltr'><strong>qua</strong></span> <span class='ocrx_word' id='word_1_124' title='bbox 878 2058 968 2136; x_wconf 90' lang='lat' dir='ltr'><strong>parte</strong></span> <span class='ocrx_word' id='word_1_125' title='bbox 992 2055 1114 2120; x_wconf 89' lang='lat' dir='ltr'><strong>calores</strong></span> <span class='ocrx_word' id='word_1_126' title='bbox 1156 2075 1212 2122; x_wconf 76' lang='grc'><strong>575</strong></span> 
     </span>
     <span class='ocr_line' id='line_1_20' title="bbox 201 2151 1020 2236; baseline -0.002 -20"><span class='ocrx_word' id='word_1_127' title='bbox 201 2152 363 2216; x_wconf 88' lang='lat' dir='ltr'><strong>austrinos</strong></span> <span class='ocrx_word' id='word_1_128' title='bbox 387 2152 512 2236; x_wconf 84' lang='lat' dir='ltr'><strong>tulerit,</strong></span> <span class='ocrx_word' id='word_1_129' title='bbox 536 2172 617 2235; x_wconf 92' lang='lat' dir='ltr'><strong>quae</strong></span> <span class='ocrx_word' id='word_1_130' title='bbox 639 2155 731 2236; x_wconf 89' lang='lat' dir='ltr'><strong>terga</strong></span> <span class='ocrx_word' id='word_1_131' title='bbox 755 2151 929 2216; x_wconf 72' lang='lat' dir='ltr'><strong>obverterit</strong></span> <span class='ocrx_word' id='word_1_132' title='bbox 952 2152 1020 2236; x_wconf 82' lang='lat' dir='ltr'><strong>axi,</strong></span> 
     </span>
     <span class='ocr_line' id='line_1_21' title="bbox 201 2248 1115 2314; baseline 0.001 -2"><span class='ocrx_word' id='word_1_133' title='bbox 201 2249 386 2312; x_wconf 87' lang='lat' dir='ltr'><strong>restituent:</strong></span> <span class='ocrx_word' id='word_1_134' title='bbox 410 2249 487 2312; x_wconf 88' lang='lat' dir='ltr'><strong>adeo</strong></span> <span class='ocrx_word' id='word_1_135' title='bbox 510 2248 546 2312; x_wconf 92' lang='lat' dir='ltr'><strong>in</strong></span> <span class='ocrx_word' id='word_1_136' title='bbox 561 2248 686 2312; x_wconf 79' lang='lat' dir='ltr'><strong>teneris</strong></span> <span class='ocrx_word' id='word_1_137' title='bbox 710 2270 913 2312; x_wconf 86' lang='lat' dir='ltr'><strong>consuescere</strong></span> <span class='ocrx_word' id='word_1_138' title='bbox 935 2249 1115 2314; x_wconf 88' lang='lat' dir='ltr'><strong>multumst.</strong></span> 
     </span>
     <span class='ocr_line' id='line_1_22' title="bbox 200 2345 1002 2433; baseline 0.001 -24"><span class='ocrx_word' id='word_1_139' title='bbox 200 2347 337 2410; x_wconf 89' lang='lat' dir='ltr'><strong>collibus</strong></span> <span class='ocrx_word' id='word_1_140' title='bbox 361 2367 403 2410; x_wconf 90' lang='lat' dir='ltr'><strong>an</strong></span> <span class='ocrx_word' id='word_1_141' title='bbox 425 2345 521 2428; x_wconf 90' lang='lat' dir='ltr'><strong>plano</strong></span> <span class='ocrx_word' id='word_1_142' title='bbox 544 2345 658 2409; x_wconf 88' lang='lat' dir='ltr'><strong>melius</strong></span> <span class='ocrx_word' id='word_1_143' title='bbox 683 2345 725 2410; x_wconf 89' lang='lat' dir='ltr'><strong>sit</strong></span> <span class='ocrx_word' id='word_1_144' title='bbox 748 2367 866 2429; x_wconf 89' lang='lat' dir='ltr'><strong>ponere</strong></span> <span class='ocrx_word' id='word_1_145' title='bbox 888 2347 1002 2433; x_wconf 79' lang='lat' dir='ltr'><strong>vitem,</strong></span> 
     </span>
    </p>

    <p class='ocr_par' dir='ltr' id='par_1_10' title="bbox 200 2433 1212 2722">
     <span class='ocr_line' id='line_1_23' title="bbox 201 2433 1182 2530; baseline -0.001 -23"><span class='ocrx_word' id='word_1_146' title='bbox 201 2464 317 2528; x_wconf 90' lang='lat' dir='ltr'><strong>quaere</strong></span> <span class='ocrx_word' id='word_1_147' title='bbox 339 2442 437 2525; x_wconf 90' lang='lat' dir='ltr'><strong>prius.</strong></span> <span class='ocrx_word' id='word_1_148' title='bbox 484 2442 512 2505; x_wconf 87' lang='lat' dir='ltr'><strong>si</strong></span> <span class='ocrx_word' id='word_1_149' title='bbox 534 2443 663 2526; x_wconf 89' lang='lat' dir='ltr'><strong>pinguis</strong></span> <span class='ocrx_word' id='word_1_150' title='bbox 687 2463 781 2527; x_wconf 91' lang='lat' dir='ltr'><strong>agros</strong></span> <span class='ocrx_word' id='word_1_151' title='bbox 805 2443 966 2508; x_wconf 90' lang='lat' dir='ltr'><strong>metabere</strong></span> <span class='ocrx_word' id='word_1_152' title='bbox 988 2445 1107 2530; x_wconf 80' lang='lat' dir='ltr'><strong>campi,</strong></span> <span class='ocrx_word' id='word_1_153' title='bbox 1176 2433 1182 2440; x_wconf 52' lang='lat'>⁵</span> 
     </span>
     <span class='ocr_line' id='line_1_24' title="bbox 200 2539 1212 2626; baseline 0.004 -22"><span class='ocrx_word' id='word_1_154' title='bbox 200 2542 297 2605; x_wconf 87' lang='lat' dir='ltr'><strong>densa</strong></span> <span class='ocrx_word' id='word_1_155' title='bbox 321 2561 402 2602; x_wconf 88' lang='lat' dir='ltr'><strong>sere:</strong></span> <span class='ocrx_word' id='word_1_156' title='bbox 425 2539 460 2602; x_wconf 88' lang='lat' dir='ltr'><strong>in</strong></span> <span class='ocrx_word' id='word_1_157' title='bbox 483 2539 580 2604; x_wconf 93' lang='lat' dir='ltr'><strong>denso</strong></span> <span class='ocrx_word' id='word_1_158' title='bbox 603 2561 671 2603; x_wconf 90' lang='lat' dir='ltr'><strong>non</strong></span> <span class='ocrx_word' id='word_1_159' title='bbox 694 2541 822 2624; x_wconf 89' lang='lat' dir='ltr'><strong>segnior</strong></span> <span class='ocrx_word' id='word_1_160' title='bbox 844 2541 942 2604; x_wconf 87' lang='lat' dir='ltr'><strong>ubere</strong></span> <span class='ocrx_word' id='word_1_161' title='bbox 964 2541 1119 2626; x_wconf 81' lang='lat' dir='ltr'><strong>bacchus3</strong></span> <span class='ocrx_word' id='word_1_162' title='bbox 1157 2559 1212 2608; x_wconf 74' lang='lat'><strong>275</strong></span> 
     </span>
     <span class='ocr_line' id='line_1_25' title="bbox 201 2636 1031 2722; baseline 0.001 -21"><span class='ocrx_word' id='word_1_163' title='bbox 201 2639 253 2701; x_wconf 92' lang='lat' dir='ltr'><strong>sin</strong></span> <span class='ocrx_word' id='word_1_164' title='bbox 274 2636 408 2700; x_wconf 88' lang='lat' dir='ltr'><strong>tumulis</strong></span> <span class='ocrx_word' id='word_1_165' title='bbox 433 2636 552 2700; x_wconf 85' lang='lat' dir='ltr'><strong>adclive</strong></span> <span class='ocrx_word' id='word_1_166' title='bbox 576 2637 681 2700; x_wconf 89' lang='lat' dir='ltr'><strong>solum</strong></span> <span class='ocrx_word' id='word_1_167' title='bbox 704 2637 858 2721; x_wconf 90' lang='lat' dir='ltr'><strong>collisque</strong></span> <span class='ocrx_word' id='word_1_168' title='bbox 882 2638 1031 2722; x_wconf 86' lang='lat' dir='ltr'><strong>supinos,</strong></span> 
     </span>
    </p>

    <p class='ocr_par' dir='ltr' id='par_1_11' title="bbox 201 2733 1087 2916">
     <span class='ocr_line' id='line_1_26' title="bbox 201 2733 1087 2818; baseline 0 -20"><span class='ocrx_word' id='word_1_169' title='bbox 201 2733 331 2818; x_wconf 89' lang='lat' dir='ltr'><strong>indulge</strong></span> <span class='ocrx_word' id='word_1_170' title='bbox 355 2733 534 2818; x_wconf 80' lang='lat' dir='ltr'><strong>ordinibus3</strong></span> <span class='ocrx_word' id='word_1_171' title='bbox 556 2755 616 2797; x_wconf 91' lang='lat' dir='ltr'><strong>nec</strong></span> <span class='ocrx_word' id='word_1_172' title='bbox 637 2734 738 2798; x_wconf 89' lang='lat' dir='ltr'><strong>setius</strong></span> <span class='ocrx_word' id='word_1_173' title='bbox 762 2734 865 2797; x_wconf 89' lang='lat' dir='ltr'><strong>omnis</strong></span> <span class='ocrx_word' id='word_1_174' title='bbox 889 2735 924 2798; x_wconf 92' lang='lat' dir='ltr'><strong>in</strong></span> <span class='ocrx_word' id='word_1_175' title='bbox 946 2755 1087 2818; x_wconf 89' lang='lat' dir='ltr'><strong>unguem</strong></span> 
     </span>
     <span class='ocr_line' id='line_1_27' title="bbox 201 2830 991 2916; baseline -0.003 -21"><span class='ocrx_word' id='word_1_176' title='bbox 201 2830 371 2895; x_wconf 89' lang='lat' dir='ltr'><strong>arboribus</strong></span> <span class='ocrx_word' id='word_1_177' title='bbox 395 2831 510 2914; x_wconf 89' lang='lat' dir='ltr'><strong>positis</strong></span> <span class='ocrx_word' id='word_1_178' title='bbox 534 2835 620 2894; x_wconf 90' lang='grc'>55555</span> <span class='ocrx_word' id='word_1_179' title='bbox 644 2831 697 2894; x_wconf 89' lang='lat' dir='ltr'><strong>via</strong></span> <span class='ocrx_word' id='word_1_180' title='bbox 718 2830 832 2894; x_wconf 90' lang='lat' dir='ltr'><strong>limite·</strong></span> <span class='ocrx_word' id='word_1_181' title='bbox 845 2831 991 2916; x_wconf 83' lang='lat' dir='ltr'><strong>quadret,</strong></span> 
     </span>
    </p>

    <p class='ocr_par' dir='ltr' id='par_1_12' title="bbox 202 2927 990 3012">
     <span class='ocr_line' id='line_1_28' title="bbox 202 2927 990 3012; baseline 0 -22"><span class='ocrx_word' id='word_1_182' title='bbox 202 2932 239 2991; x_wconf 88' lang='lat' dir='ltr'><strong>ut</strong></span> <span class='ocrx_word' id='word_1_183' title='bbox 263 2948 356 3010; x_wconf 89' lang='lat' dir='ltr'><strong>saepe</strong></span> <span class='ocrx_word' id='word_1_184' title='bbox 378 2927 502 3011; x_wconf 86' lang='lat' dir='ltr'><strong>ingenti</strong></span> <span class='ocrx_word' id='word_1_185' title='bbox 525 2927 609 2991; x_wconf 93' lang='lat' dir='ltr'><strong>bello</strong></span> <span class='ocrx_word' id='word_1_186' title='bbox 633 2949 706 2991; x_wconf 90' lang='lat' dir='ltr'><strong>cum</strong></span> <span class='ocrx_word' id='word_1_187' title='bbox 727 2928 825 3012; x_wconf 84' lang='lat' dir='ltr'><strong>longa</strong></span> <span class='ocrx_word' id='word_1_188' title='bbox 848 2927 990 2992; x_wconf 88' lang='lat' dir='ltr'><strong>cohortis</strong></span> 
     </span>
    </p>

    <p class='ocr_par' dir='ltr' id='par_1_13' title="bbox 201 3023 1213 3205">
     <span class='ocr_line' id='line_1_29' title="bbox 201 3023 1213 3110; baseline 0.004 -22"><span class='ocrx_word' id='word_1_189' title='bbox 201 3023 355 3107; x_wconf 88' lang='lat' dir='ltr'><strong>explicuit</strong></span> <span class='ocrx_word' id='word_1_190' title='bbox 378 3024 477 3109; x_wconf 87' lang='lat' dir='ltr'><strong>legio,</strong></span> <span class='ocrx_word' id='word_1_191' title='bbox 500 3028 532 3088; x_wconf 88' lang='lat' dir='ltr'><strong>et</strong></span> <span class='ocrx_word' id='word_1_192' title='bbox 555 3045 666 3107; x_wconf 89' lang='lat' dir='ltr'><strong>campo</strong></span> <span class='ocrx_word' id='word_1_193' title='bbox 690 3025 782 3088; x_wconf 88' lang='lat' dir='ltr'><strong>stetit</strong></span> <span class='ocrx_word' id='word_1_194' title='bbox 805 3045 920 3108; x_wconf 90' lang='lat' dir='ltr'><strong>agmen</strong></span> <span class='ocrx_word' id='word_1_195' title='bbox 942 3029 1069 3110; x_wconf 85' lang='lat' dir='ltr'><strong>aperto,</strong></span> <span class='ocrx_word' id='word_1_196' title='bbox 1160 3044 1213 3092; x_wconf 80' lang='lat' dir='ltr'><strong>eso</strong></span> 
     </span>
     <span class='ocr_line' id='line_1_30' title="bbox 201 3116 958 3205; baseline 0.001 -21"><span class='ocrx_word' id='word_1_197' title='bbox 201 3116 408 3203; x_wconf 89' lang='lat' dir='ltr'><strong>derectaeque</strong></span> <span class='ocrx_word' id='word_1_198' title='bbox 431 3121 527 3205; x_wconf 80' lang='lat' dir='ltr'><strong>acies,</strong></span> <span class='ocrx_word' id='word_1_199' title='bbox 550 3121 672 3184; x_wconf 85' lang='lat' dir='ltr'><strong>aelate</strong></span> <span class='ocrx_word' id='word_1_200' title='bbox 695 3120 831 3185; x_wconf 87' lang='lat' dir='ltr'><strong>fluctuat</strong></span> <span class='ocrx_word' id='word_1_201' title='bbox 854 3122 958 3185; x_wconf 88' lang='lat' dir='ltr'><strong>omnis</strong></span> 
     </span>
    </p>

    <p class='ocr_par' dir='ltr' id='par_1_14' title="bbox 165 3217 1052 3315">
     <span class='ocr_line' id='line_1_31' title="bbox 165 3217 1052 3315; baseline 0 -33"><span class='ocrx_word' id='word_1_202' title='bbox 165 3285 169 3315; x_wconf 41' lang='grc'>1</span> <span class='ocrx_word' id='word_1_203' title='bbox 202 3239 274 3282; x_wconf 88' lang='grc'>5555</span> <span class='ocrx_word' id='word_1_204' title='bbox 297 3217 455 3280; x_wconf 87' lang='lat' dir='ltr'><strong>renidenti</strong></span> <span class='ocrx_word' id='word_1_205' title='bbox 477 3218 588 3303; x_wconf 84' lang='lat' dir='ltr'><strong>tellus,</strong></span> <span class='ocrx_word' id='word_1_206' title='bbox 609 3217 743 3281; x_wconf 91' lang='lat' dir='ltr'><strong>necdum</strong></span> <span class='ocrx_word' id='word_1_207' title='bbox 765 3218 895 3282; x_wconf 83' lang='lat' dir='ltr'><strong>horrida</strong></span> <span class='ocrx_word' id='word_1_208' title='bbox 917 3219 1052 3282; x_wconf 86' lang='lat' dir='ltr'><strong>miscent</strong></span> 
     </span>
    </p>

    <p class='ocr_par' dir='ltr' id='par_1_15' title="bbox 167 3313 1096 3407">
     <span class='ocr_line' id='line_1_32' title="bbox 167 3313 1096 3407; baseline 0.001 -29"><span class='ocrx_word' id='word_1_209' title='bbox 167 3330 170 3407; x_wconf 56' lang='grc' dir='ltr'>ξ</span> <span class='ocrx_word' id='word_1_210' title='bbox 202 3315 339 3400; x_wconf 82' lang='lat' dir='ltr'><strong>proelia,</strong></span> <span class='ocrx_word' id='word_1_211' title='bbox 362 3314 417 3377; x_wconf 92' lang='lat' dir='ltr'><strong>sed</strong></span> <span class='ocrx_word' id='word_1_212' title='bbox 440 3313 556 3378; x_wconf 89' lang='lat' dir='ltr'><strong>dubius</strong></span> <span class='ocrx_word' id='word_1_213' title='bbox 579 3315 691 3378; x_wconf 89' lang='lat' dir='ltr'><strong>mediis</strong></span> <span class='ocrx_word' id='word_1_214' title='bbox 714 3313 801 3378; x_wconf 90' lang='grc' dir='ltr'>Μ555</span> <span class='ocrx_word' id='word_1_215' title='bbox 825 3318 910 3376; x_wconf 88' lang='lat' dir='ltr'><strong>errat</strong></span> <span class='ocrx_word' id='word_1_216' title='bbox 932 3314 968 3376; x_wconf 94' lang='lat' dir='ltr'><strong>in</strong></span> <span class='ocrx_word' id='word_1_217' title='bbox 990 3315 1096 3380; x_wconf 90' lang='lat' dir='ltr'><strong>armis.</strong></span> 
     </span>
    </p>

    <p class='ocr_par' dir='ltr' id='par_1_16' title="bbox 166 3411 1044 3497">
     <span class='ocr_line' id='line_1_33' title="bbox 166 3411 1044 3497; baseline 0 -21"><span class='ocrx_word' id='word_1_218' title='bbox 166 3414 171 3443; x_wconf 71' lang='lat'>¹</span> <span class='ocrx_word' id='word_1_219' title='bbox 202 3412 312 3476; x_wconf 88' lang='lat' dir='ltr'><strong>omnia</strong></span> <span class='ocrx_word' id='word_1_220' title='bbox 335 3411 401 3474; x_wconf 89' lang='lat' dir='ltr'><strong>sint</strong></span> <span class='ocrx_word' id='word_1_221' title='bbox 423 3411 553 3494; x_wconf 87' lang='lat' dir='ltr'><strong>paribus</strong></span> <span class='ocrx_word' id='word_1_222' title='bbox 576 3411 717 3474; x_wconf 90' lang='lat' dir='ltr'><strong>numeris</strong></span> <span class='ocrx_word' id='word_1_223' title='bbox 741 3411 883 3474; x_wconf 85' lang='lat' dir='ltr'><strong>dimensa</strong></span> <span class='ocrx_word' id='word_1_224' title='bbox 906 3411 1044 3497; x_wconf 81' lang='lat' dir='ltr'><strong>viarum,</strong></span> 
     </span>
    </p>

    <p class='ocr_par' dir='ltr' id='par_1_17' title="bbox 200 3507 1216 3595">
     <span class='ocr_line' id='line_1_34' title="bbox 200 3507 1216 3595; baseline -0.003 -18"><span class='ocrx_word' id='word_1_225' title='bbox 200 3531 270 3578; x_wconf 82' lang='lat' dir='ltr'><strong>non</strong></span> <span class='ocrx_word' id='word_1_226' title='bbox 293 3508 434 3573; x_wconf 90' lang='lat' dir='ltr'><strong>animum</strong></span> <span class='ocrx_word' id='word_1_227' title='bbox 457 3507 551 3570; x_wconf 91' lang='lat' dir='ltr'><strong>modo</strong></span> <span class='ocrx_word' id='word_1_228' title='bbox 576 3509 624 3571; x_wconf 92' lang='lat' dir='ltr'><strong>uti</strong></span> <span class='ocrx_word' id='word_1_229' title='bbox 647 3512 757 3591; x_wconf 87' lang='lat' dir='ltr'><strong>pascat</strong></span> <span class='ocrx_word' id='word_1_230' title='bbox 779 3512 967 3592; x_wconf 88' lang='lat' dir='ltr'><strong>prospectus</strong></span> <span class='ocrx_word' id='word_1_231' title='bbox 990 3508 1134 3595; x_wconf 87' lang='lat' dir='ltr'><strong>inanem,</strong></span> <span class='ocrx_word' id='word_1_232' title='bbox 1164 3526 1216 3574; x_wconf 77' lang='grc'><strong>555</strong></span> 
     </span>
    </p>
   </div>
   <div class='ocr_carea' id='block_1_6' title="bbox 0 0 1298 3956">
    <p class='ocr_par' dir='ltr' id='par_1_18' title="bbox 0 0 1298 3956">
     <span class='ocr_line' id='line_1_35' title="bbox 0 0 1298 3956; baseline 0 0"><span class='ocrx_word' id='word_1_233' title='bbox 0 0 1298 3956; x_wconf 95' lang='lat' dir='ltr'><strong> </strong></span> 
     </span>
    </p>
   </div>
  </div>
 </body>
</html>
