2612 3964
196 255 259 319 162
515 254 664 310 vnaclm
682 255 814 310 annuis
833 255 871 310 111

193 416 324 500 impulit
347 421 379 480 et
402 421 527 481 teneras
551 417 695 480 turbavit
718 416 814 480 ianua
836 417 976 501 frondes,

193 535 370 597 numquam
392 513 504 577 deiude
527 535 602 578 cavo
626 513 797 578 volitantia
819 514 972 596 prendere
995 536 1073 578 saxo
1156 529 1215 579 450

193 631 252 674 nec
274 632 422 674 revocare
445 610 527 674 situs
550 614 606 674 aut
628 611 760 695 iungere
783 611 923 674 carmina
946 615 1050 674 curat:

195 707 371 771 inconsulti
394 707 514 771 abeunt
537 707 705 791 sedemque
729 706 821 771 odere
845 705 994 790 Sibyllae.

194 803 247 866 hio
269 801 331 865 tibi
352 823 458 885 nequa
479 824 587 866 morae
609 803 729 866 fuerint
752 805 917 888 dispendia
934 805 1028 888 tanti,

196 899 341 982 quamvis
363 899 556 981 increpitent
579 899 658 962 socii
680 903 713 963 et
735 901 768 964 vi
791 923 903 966 cursus
926 902 962 965 in
984 902 1088 966 altum

195 996 266 1060 vela
287 999 379 1060 vocet
401 995 570 1079 possisque
593 995 682 1060 sinus
705 996 838 1080 implere
861 999 1026 1084 secundos,
1157 1014 1215 1063 455

196 1093 274 1177 quin
297 1093 390 1156 adeas
412 1096 519 1156 vatem
540 1093 752 1177 precibusque
775 1097 903 1160 oracula
925 1117 1047 1179 poscas.

195 1190 266 1273 ipsa
288 1194 381 1254 canat
403 1211 576 1274 vocemque
598 1189 708 1253 volens
733 1196 829 1275 atque
852 1215 908 1257 ora
930 1192 1079 1256 resolvat.

196 1287 253 1351 illa
275 1287 337 1351 tibi
358 1286 472 1350 Italiae
494 1287 632 1370 populos
654 1291 853 1370 venturaque
875 1287 961 1352 bella

196 1389 228 1448 et
252 1405 496 1469 qu0·quemque
518 1382 613 1446 modo
636 1382 805 1468 fugiasque
828 1385 975 1468 ferasque
997 1383 1147 1450 laborem

197 1481 351 1566 expediet,
375 1501 549 1563 cursusque
572 1479 662 1544 dabit
684 1484 834 1546 venerata
857 1483 1019 1547 secundos.
1156 1499 1215 1548 460

195 1579 274 1643 haec
297 1581 382 1660 sunt,
405 1599 485 1661 quae
507 1580 620 1640 nostra
641 1577 736 1641 liceat
758 1580 792 1640 te
814 1599 890 1642 voce
912 1578 1044 1642 moneri.

196 1675 275 1740 vade
299 1695 356 1760 age
379 1677 411 1737 et
433 1674 597 1758 ingentem
619 1673 713 1737 factis
735 1673 784 1737 fer
807 1674 847 1738 ad
870 1674 999 1739 aethera
1021 1674 1177 1739 Troiam]

242 1771 328 1848 Quae
350 1774 523 1854 postquam
544 1774 634 1834 vates
658 1769 704 1834 sic
727 1792 782 1836 ore
805 1771 920 1835 effatus
944 1772 1046 1835 amico
1070 1775 1134 1858 est,

197 1871 280 1934 dona
303 1867 416 1932 dehinc
438 1889 515 1931 auro
539 1867 649 1952 gravia
673 1871 822 1952 sectoque
846 1867 1015 1952 elephanto

197 1969 334 2050 imperat
357 1965 396 2029 ad
417 1964 509 2028 navis
532 1964 618 2048 ferri,
641 1965 803 2049 stipatque
826 1966 942 2030 carinis
1156 1984 1214 2031 465

197 2066 310 2150 ingens
334 2066 502 2147 argentum
523 2059 778 2145 Dodonaeosque
799 2062 931 2146 lebetas,

197 2163 330 2226 loricam
353 2163 532 2224 consertam
554 2157 658 2221 hamis
682 2179 823 2242 auroque
846 2159 982 2223 trilicem

198 2264 230 2324 et
253 2281 368 2323 conum
390 2256 528 2340 insignis
552 2256 660 2340 galeae
682 2255 860 2340 cristasque
882 2255 1049 2340 comantis,

198 2379 286 2422 arma
308 2352 521 2436 Neoptolemi.
567 2356 642 2416 sunt
665 2356 697 2416 et
720 2375 778 2416 sua
801 2353 884 2416 dona
906 2353 1040 2436 parenti.

199 2453 286 2518 addit
309 2458 408 2535 equos
432 2449 582 2533 additque
604 2449 708 2534 duces,
1157 2468 1213 2516 470

198 2548 368 2634 remigium
391 2545 529 2630 supplet,
552 2545 655 2609 socios
679 2545 775 2609 simul
796 2546 930 2610 instruit
953 2547 1059 2610 armis.

242 2647 368 2710 Interea
390 2644 523 2707 classem
545 2642 624 2706 velis
649 2645 758 2725 aptare
780 2641 913 2706 iubebat

199 2743 367 2826 Anchises,
388 2741 479 2804 fieret
502 2743 598 2804 vento
620 2761 711 2802 mora
733 2761 838 2822 nequa
859 2739 984 2803 ferenti.

200 2863 294 2925 quem
316 2837 438 2902 Phoebi
460 2837 617 2920 interpres
640 2836 743 2898 multo
767 2837 936 2918 compellat
957 2836 1096 2900 honore:

200 2936 370 3021 coniugio,
392 2933 543 3018 Anchisa,
566 2931 700 2997 Veneris
716 2933 852 3018 dignate
876 2933 1024 3019 superbo,
1159 2953 1214 3001 475

199 3059 275 3100 cura
298 3035 400 3117 deum,
423 3031 474 3094 bis
496 3029 678 3114 Pergameis
701 3034 808 3112 erepte
831 3030 943 3115 ruinis,

200 3153 269 3196 ecce
291 3130 354 3193 tibi
376 3128 539 3193 Ausoniae
561 3127 671 3190 tellus:
694 3126 776 3190 hanc
800 3127 903 3210 arripe
926 3127 1013 3190 velis.

200 3234 232 3293 et
254 3232 363 3291 tamen
384 3226 467 3289 hanc
489 3225 603 3308 pelago
626 3223 860 3306 praeterlabare
882 3227 1056 3288 necessest:

200 3324 362 3391 Ausoniae
385 3345 459 3406 pars
483 3322 538 3385 illa
561 3321 681 3405 procul,
705 3342 801 3404 quam
824 3321 936 3403 pandit
958 3318 1088 3402 Apollo,

200 3421 290 3485 vade’
315 3419 369 3503 ait,
392 3418 422 3482 ‘o
445 3419 522 3482 felix
544 3417 613 3480 nati
628 3417 763 3499 pietate.
810 3417 888 3500 quid
909 3417 994 3480 ultra
1159 3433 1216 3481 480

200 3516 359 3601 provehor
383 3518 414 3578 et
436 3515 531 3577 fando
556 3514 717 3597 surgentis
740 3513 886 3577 demoror
909 3512 1073 3577 austros?'
