2612 3964
160 309 165 314 .
186 250 250 312 140
516 250 664 304 vanam
683 249 816 304 10111110
835 249 860 302 11
891 305 915 366 ο,

183 410 235 474 cui
256 409 400 494 Pyrrhus
426 411 552 475 ‘referes
577 431 652 495 crgo
676 410 754 474 haec
777 413 809 474 05
831 410 966 474 nuntius
989 409 1053 473 ibis

184 505 309 570 Pelidae
332 507 480 591 genitori.
526 507 577 571 illi
598 527 669 569 mea
692 506 800 570 tristia
821 507 907 570 facta

184 603 433 687 degeneremque
455 602 705 687 Neoptolemum
727 625 857 668 narrare
879 607 1056 668 memento:

183 721 268 764 nunc
280 701 423 765 morere.⁹
459 701 521 766 hoc
535 701 641 764 dicens
656 701 771 764 altaria
785 701 825 764 ad
837 701 913 784 ipsa¹
922 704 1116 764 trementem
1144 717 1196 764 550

183 797 283 860 traxit
306 798 396 862 etin
417 799 521 863 multo
543 798 723 881 lapsantem
747 798 902 883 sanguine
923 798 1007 882 nati,

184 893 404 978 implicuitque
427 915 517 958 coma
538 893 675 978 laevam,
698 893 872 978 dextraque
895 916 1063 958 coruscum

184 991 299 1054 extulit
323 1013 359 1054 ac
381 991 475 1054 lateri
498 991 611 1073 capulo
634 995 729 1054 tenus
753 991 875 1055 abdidit
899 1013 1014 1056 ensem.

183 1087 260 1151 haec
282 1087 357 1151 finis
379 1086 514 1172 Priami,
536 1088 677 1151 fatorum
698 1087 752 1151 hio
775 1089 879 1153 exitus
901 1089 995 1152 illum

185 1186 271 1246 sorte
288 1184 376 1269 tulit,
394 1183 524 1248 Troiam
540 1184 703 1248 incensam
722 1189 754 1248 et
772 1186 923 1269 prolapsa
941 1186 1104 1250 videntem
1144 1201 1197 1248 555

182 1278 350 1366 Pergama,
372 1284 423 1346 tot
447 1282 608 1364 quondam
630 1281 758 1364 populis
782 1282 941 1366 terrisque
965 1281 1142 1366 superbum

184 1379 387 1460 regnatorem
409 1375 514 1442 Asiae.
560 1377 643 1442 iacet
665 1378 778 1462 ingens
801 1379 897 1442 litore
919 1383 1051 1442 truncus

184 1473 393 1558 avolsumque
415 1475 534 1539 umeris
557 1478 653 1558 caput
675 1479 707 1539 et
731 1476 799 1540 sine
821 1476 951 1540 nomine
972 1497 1099 1558 corpus.

228 1567 273 1632 At
295 1592 345 1633 me
367 1573 439 1634 tum
460 1571 600 1654 primum
624 1592 736 1636 saevos
759 1571 971 1636 circumstetit
993 1571 1120 1636 horror.

185 1665 340 1750 obstipui;
364 1667 465 1730 subiit
488 1668 553 1732 0011
575 1669 731 1752 genitoris
754 1669 876 1755 imago,
1144 1685 1197 1734 550

184 1767 220 1826 ut
243 1783 352 1848 regem
374 1785 568 1848 aequaevum
590 1765 709 1829 crudeli
730 1767 860 1830 volnere
882 1767 949 1830 vidi

183 1860 284 1923 vitam
307 1860 520 1946 exhalantem3
544 1862 645 1925 subiit
667 1862 792 1927 deserta
815 1861 936 1928 Creusa

185 1960 217 2020 et
240 1958 364 2041 direpta
387 1959 500 2022 domus
524 1962 556 2021 05
579 1959 670 2041 parvi
693 1981 785 2024 casus
808 1959 879 2024 Iuli.

184 2055 319 2138 respicio
342 2059 374 2120 05
380 2108 388 2142 ,
412 2077 493 2139 quae
516 2055 560 2119 sit
582 2077 633 2119 me
655 2056 775 2120 circum
797 2058 902 2142 copia,
924 2058 1042 2122 lustro:

184 2152 349 2216 deseruere
372 2174 482 2217 omnes
505 2152 621 2217 defessi
645 2157 677 2216 et
700 2174 834 2236 corpora
857 2153 942 2216 saltu
1145 2172 1197 2220 505

184 2249 223 2312 ad
245 2252 364 2314 terram
386 2239 502 2314 misere
525 2252 581 2312 aut
603 2249 733 2333 ignibus
757 2271 852 2334 aegra
875 2251 994 2313 dedere.

530 2346 549 2387 a
833 2346 852 2388 a

681 2389 700 2430 a

229 2442 373 2528 [lamque
396 2443 474 2507 adeo
498 2465 594 2526 super
616 2464 699 2506 unus
723 2465 818 2528 eram,
843 2466 916 2508 cum
938 2443 1051 2507 limina
1073 2442 1199 2508 Vestae

184 2543 364 2604 servantem
387 2544 420 2605 05
441 2541 574 2604 tacitam
598 2543 719 2604 secreta
740 2539 776 2602 in
799 2540 871 2603 sede
893 2540 1048 2604 latentem

184 2637 365 2719 Tyndarida
388 2636 521 2723 aspicio,
545 2637 622 2701 dant
644 2636 760 2700 claram
784 2636 930 2700 incendia
952 2637 1057 2701 lucem

184 2733 304 2796 erranti
325 2733 509 2816 passimque
532 2733 641 2798 oculos
664 2755 720 2817 per
743 2737 857 2797 cuncta
878 2733 1003 2798 ferenti.
1144 2753 1198 2800 510

183 2829 239 2892 illa
263 2829 325 2893 sibi
347 2829 484 2894 infestos
507 2852 617 2918 eversa
640 2831 681 2894 ob
704 2829 860 2916 Pergama
882 2831 1021 2896 Teucros

184 2931 216 2991 05
239 2948 357 3010 poenas
380 2926 529 2990 Danaum
552 2931 584 2993 et
608 2927 725 2992 deserti
748 2928 893 3013 coniugis
916 2929 980 2992 iras

183 3027 418 3109 praemetuens,
440 3023 555 3087 Troiae
578 3027 610 3087 et
632 3025 756 3108 patriae
778 3026 956 3090 communis
979 3026 1105 3111 erinyS,

184 3120 348 3184 abdiderat
371 3143 440 3184 sese
463 3125 559 3204 atque
583 3121 646 3184 aris
669 3122 774 3185 invisa
797 3122 934 3186 sedebat.

184 3240 328 3282 exarsere
351 3217 442 3302 ignes
465 3219 587 3302 animo,
611 3218 699 3282 subit
722 3219 771 3282 ira
794 3219 957 3282 cadentem
1144 3239 1198 3286 515

183 3315 294 3378 ulcisci
317 3313 455 3397 patriam
479 3319 510 3377 et
534 3315 703 3379 sceleratas
728 3337 852 3380 sumere
875 3337 1002 3400 poenas.

185 3411 318 3475 ‘scilicet
340 3410 419 3474 haec
442 3409 590 3494 Spartam
612 3412 782 3476 incolumis
806 3413 990 3496 patriasque
1013 3411 1170 3496 Mycenas

185 3508 317 3590 aspiciet
340 3510 496 3591 partoque
520 3508 581 3571 ibit
604 3509 715 3593 regina
737 3509 901 3592 triumpho
