2552 3958
286 258 663 315 P.Vnne1L1MAn0N1s
682 261 877 317 NARRATIO.
976 263 1091 317 XXXIII

136 419 274 484 Mantua
296 443 347 484 me
371 422 492 505 genuit,
516 419 645 485 Calabri
668 445 812 509 rapuere,
834 429 922 488 tenet
945 447 1030 488 nunc

181 515 399 601 Parthenope:
424 519 523 582 cecini
546 541 664 601 pascua
687 541 763 582 rura
786 520 880 584 duces
892 518 926 606 ¹).

75 641 240 704 desertum
253 662 353 724 prope
367 646 611 705 monumentum
625 639 723 706 Silius
737 641 878 728 Italicus,
893 644 948 727 qui
963 665 1086 707 summo

75 737 184 802 studio
200 737 414 804 venerabatur
428 737 622 823 Vergilium,
641 739 690 802 die
706 739 807 802 natali
825 744 938 822 poetae
956 744 994 804 ut
1011 743 1087 803 tem·

73 836 165 918 plum
190 834 278 898 adire
303 833 468 920 solebat)

165 938 309 1024 Corpore
329 945 360 1004 et
380 945 504 1004 statura
518 939 682 1024 Vergilius
705 941 810 1005 fuerat
834 942 957 1028 grandi,
980 942 1087 1026 aquilo

73 1040 196 1124 colore,
224 1039 304 1102 facie
331 1037 494 1102 rusticana
505 1036 539 1124 ⁸).
585 1038 767 1103 valetudine
794 1040 859 1103 iam
886 1043 980 1104 antea
1010 1061 1087 1103 usus

72 1137 181 1200 fuerat
205 1135 308 1198 varia:
333 1135 425 1198 ‘nam
452 1135 640 1218 plerumque
663 1158 681 1198 a
704 1135 869 1200 stomacho
895 1139 927 1200 et
951 1159 969 1200 a
991 1137 1088 1200 fauci-

72 1233 135 1296 bus
156 1253 193 1295 ac
213 1230 322 1294 dolore
342 1231 458 1313 capitis
477 1231 655 1316 laborabat,
675 1229 863 1318 sanguinem
882 1233 980 1296 etiam
995 1255 1087 1316 saepe

71 1331 201 1413 reiecit;
226 1328 291 1391 cibi
313 1328 444 1412 vinique
466 1329 607 1394 minimi'
626 1327 731 1416 fuit4).
774 1350 849 1414 ergo
872 1351 938 1393 non
960 1333 1087 1393 tantum

71 1431 111 1492 ut
136 1425 312 1508 strepitum
335 1425 426 1488 urbis
448 1425 565 1490 vitaret
588 1431 621 1490 et
644 1427 782 1489 liberum
806 1427 1001 1490 carminibus
1024 1448 1087 1489 me-

71 1523 218 1588 ditandis
242 1522 385 1584 animum
409 1522 476 1586 otio
500 1532 533 1586 et
556 1523 729 1588 solitudine
751 1524 879 1609 faceret,
903 1524 957 1587 sed
978 1545 1087 1588 curan-

71 1623 133 1686 dae
158 1620 274 1684 salutis
298 1641 393 1682 causa
412 1619 549 1684 ‘secessu
569 1618 760 1704 Campaniae
780 1618 970 1704 Siciliaeque
990 1621 1087 1704 pluri-

70 1719 181 1784 mum'
210 1739 288 1781 usus
323 1720 371 1780 est
382 1713 417 1804 5).
467 1715 588 1782 Itomae
620 1718 751 1781 domum
781 1715 897 1780 habuIt
930 1717 1086 1801 Esquiliis

150 1927 171 1998 ²)
191 1926 279 1980 Extat
301 1925 377 1995 apud
396 1927 517 1980 Probum
538 1927 680 1980 Donatum
698 1926 910 1994 Hieronymum,
934 1927 989 1980 nisi
1012 1928 1087 1995 quod

70 2021 99 2056 v.
115 2005 131 2052 2
148 2014 258 2068 poscam
271 2013 355 2066 poma
369 1998 487 2068 pluupes
505 1999 590 2052 Probi
604 1997 758 2052 Vaticanus
774 1997 894 2066 exhibet,
914 2015 986 2065 quae
1001 1997 1085 2052 inter-

69 2071 188 2143 polator
206 2067 301 2121 neseio
321 2067 383 2136 quis
401 2066 478 2122 lusit.

151 2158 172 2226 ²)
191 2157 297 2212 Narrat
315 2155 442 2224 aequalis
462 2155 525 2210 Silii
542 2156 650 2210 Plinius
670 2155 752 2227 epist.
766 2155 805 2208 III
821 2161 843 2223 7,
860 2160 875 2208 8
895 2155 929 2208 de
949 2172 994 2210 eo:
1011 2156 1087 2210 ‘aaut

76 2231 197 2300 Vergilii
211 2229 343 2296 Imagines
357 2235 419 2281 aute
432 2243 521 2282 omnes
536 2245 603 2298 qaas
622 2233 751 2282 coercerat
768 2228 948 2280 venerabatur
966 2227 1087 2295 dicarque

71 2303 198 2356 natalem
215 2300 274 2354 eius
291 2294 445 2368 reciprocas
462 2316 544 2369 quam
557 2316 637 2352 suum
651 2299 809 2364 celebrabat,
828 2298 949 2364 Neapoli
961 2299 1086 2364 inaniore,

72 2374 123 2428 ubi
145 2371 341 2426 ocoairueutom
363 2371 421 2423 eius
443 2370 520 2424 adtre
538 2376 570 2424 ut
588 2370 716 2437 templum
734 2369 853 2422 solebat!
892 2367 926 2421 cf.
946 2367 1086 2421 Martialis

72 2443 113 2498 XI
131 2447 168 2496 48
188 2444 218 2494 et
235 2445 279 2507 49,
303 2455 421 2507 quorum
438 2439 578 2510 posterius
598 2437 746 2494 emendavi
764 2437 794 2490 111
812 2437 936 2506 prolegg.
955 2443 1014 2492 123.

150 2529 170 2599 ⁶)
189 2529 317 2582 Donatus
335 2545 362 2597 p.
378 2533 421 2596 56,
437 2534 450 2581 1
470 2528 502 2582 R.
524 2529 577 2582 ‘bic
595 2528 698 2582 dicitur
717 2527 831 2596 pulsare
854 2526 1016 2597 Vergilium,
1039 2529 1087 2596 qai

72 2602 199 2656 adeona·
221 2605 247 2654 et
268 2600 389 2666 corporis
411 2605 436 2653 et
458 2599 568 2654 babitus
584 2599 656 2666 fult’
676 2596 873 2651 Pseudoacron
891 2597 929 2649 ad
946 2597 1012 2652 Hor.
1033 2601 1084 2652 sat.

73 2674 86 2726 I
104 2679 131 2741 3,
148 2678 191 2739 32,
214 2685 287 2738 quae
306 2669 433 2736 quamvis
452 2669 550 2738 inepta
567 2671 663 2722 tamen
681 2685 748 2722 vera
767 2667 802 2721 de
820 2666 892 2720 faeie
911 2670 1011 2736 poetae
1029 2685 1086 2721 me-

73 2741 166 2798 moria
196 2740 251 2794 niti
278 2739 417 2794 videntur.
464 2739 568 2809 scripta
596 2741 625 2792 et
654 2738 791 2807 imagines
820 2737 939 2807 Vergilii
970 2738 1086 2806 paulum

74 2813 182 2868 afuisse
207 2810 310 2864 dIcitnr
332 2827 350 2863 a
373 2811 505 2865 Suetonio
531 2809 660 2879 Caligula
683 2812 721 2879 (c.
737 2812 785 2877 34)
809 2807 877 2875 quin
900 2825 934 2862 ex
957 2809 1085 2862 omnibus

74 2881 258 2938 bibliothecis
277 2885 431 2962 1111011111,
454 2881 640 2962 venerabatur
662 2879 883 2960 imaginesleius
905 2881 979 2934 ‘aute
997 2897 1087 2960 opines

75 2949 1086 3093 1111111111111111111111111111111111

75 3098 193 3152 remando
217 3095 321 3150 larario
343 3095 451 3162 bubuli,
473 3095 522 3148 ubi
540 3100 564 3147 et
582 3093 700 3147 Acbc'ib's
723 3099 748 3145 ct
770 3108 930 3162 magnorum
948 3093 1083 3146 otroram’

76 3171 107 3220 nt
131 3167 175 3221 ait
191 3163 369 3234 Lampridius
389 3165 423 3218 de
442 3164 520 3219 Alex.
541 3165 601 3219 Ser.
622 3168 664 3216 31.
701 3162 796 3215 vultus
816 3161 875 3215 eius
900 3164 932 3214 ut
948 3163 1085 3214 membra-

77 3255 128 3292 nae
153 3255 171 3292 a
193 3235 325 3290 Martiale
344 3235 408 3289 XIV
427 3241 478 3288 186
502 3234 660 3302 descriptae
687 3233 778 3302 prima
806 3231 914 3286 tabella
942 3233 1085 3302 gerebant,

77 3309 117 3362 ita
136 3308 225 3363 codex
243 3307 385 3360 Romanus
404 3308 537 3375 (113867)
557 3305 678 3371 exhibet,
698 3305 747 3358 sed
766 3319 822 3372 qua
840 3303 895 3356 fide
914 3301 1058 3357 incertum.

150 3397 170 3466 ⁴)
195 3397 322 3450 Donatus
344 3413 372 3464 p.
388 3399 422 3447 56
441 3395 472 3448 n.
510 3395 626 3448 crudum
649 3390 782 3446 Horatius
808 3389 878 3443 dicit
902 3391 953 3444 sat.
974 3390 987 3443 Ι
1006 3396 1030 3455 5,
1051 3398 1084 3444 49

78 3467 124 3522 ubi
143 3468 208 3521 vide
228 3465 343 3520 scholia.

149 3546 168 3616 Β)
188 3544 291 3600 Donati
309 3563 336 3614 p.
352 3549 394 3612 57,
410 3547 442 3596 15
461 3542 493 3596 R.
515 3543 606 3596 verba.

130 3646 250 3693 Bressos,
264 3643 350 3690 Vergil.
910 3645 924 3681 0
