2580 3962
290 233 320 288 P.
335 235 483 289 VERGILI
501 233 665 289 MARONIS
684 233 880 288 NARRATIO.
1012 231 1089 286 XVII

79 399 134 482 qui
160 397 227 460 nisi
256 397 344 460 ultro
368 395 546 459 maledictis
569 395 774 460 lacessissent
797 396 848 458 vel
871 396 972 478 ipsius
995 395 1089 460 lenis-

79 497 197 559 simum
222 495 364 558 animum
387 494 438 557 vel
461 493 538 556 adeo
557 492 745 577 Pollionem,
768 493 822 556 vix
841 497 908 556 tam
926 493 1004 556 viles
1025 491 1089 554 ani·

78 612 147 654 mas
171 591 294 672 apertis
318 591 415 654 etiam
437 589 623 653 nominibus
646 589 718 652 odio
738 589 971 673 elegantiorum
989 589 1089 652 homi·

78 709 157 750 num
184 687 371 750 tradidisset
383 685 428 773 1)..
467 687 632 769 aliquanto
660 685 837 770 meliorem,
865 687 919 750 sed
945 686 1090 750 invidum

78 788 192 848 nostro
211 789 340 866 poetam
355 782 556 866 Cornificium
573 783 721 868 tetigisse
739 783 916 865 putabatur
930 783 1089 866 Amyntae

77 881 210 944 nomine
238 882 273 944 in
300 881 410 964 ecloga
438 880 551 963 quinta
573 902 601 944 v.
620 879 696 963 8sq.
726 877 778 965 (cf.
802 878 833 943 H
856 878 913 965 39)
925 878 966 966 ²),
994 901 1090 963 quam

78 979 134 1042 ille
166 979 272 1060 ipsam
304 978 398 1060 paulo
431 981 506 1060 post
541 978 576 1040 in
608 977 753 1040 bucolico
786 977 922 1040 forta-ese
952 976 1090 1040 carmine

79 1074 171 1161 (nam
203 1075 239 1138 in
271 1075 380 1138 eodem
412 1078 482 1138 tum
515 1095 579 1157 quo
612 1072 775 1157 Vergilius
810 1095 942 1156 poeseos
975 1095 1089 1158 genere

78 1177 209 1256 praeter
231 1171 424 1236 amatorium
447 1170 661 1234 elaboravisse
685 1169 887 1257 statuendus)
911 1171 972 1234 hoc
995 1171 1090 1234 verei-

78 1271 153 1334 culo
174 1269 300 1334 ‘hordea
322 1270 376 1350 qui
398 1269 486 1346 dicit,
509 1271 700 1348 supercurrit
722 1269 826 1332 tritico
848 1267 945 1332 dicot'
963 1264 1014 1354 (cf.
1034 1267 1090 1330 ecl.

78 1365 110 1430 V
125 1363 184 1452 36)
204 1365 331 1428 inficete
349 1365 516 1428 cavillatus
537 1361 626 1450 est3).
658 1363 740 1427 alius
758 1365 793 1428 in
811 1364 955 1428 bucolico
975 1385 1090 1449 genere

78 1463 192 1528 rivalis
219 1466 315 1546 poeta
342 1466 374 1525 et
402 1463 436 1526 in
462 1462 522 1525 hac
549 1461 659 1544 ecloga
687 1457 729 1546 (v.
747 1459 802 1546 11)
833 1465 865 1524 ct
892 1461 926 1524 in
954 1462 1090 1544 septima

79 1585 107 1625 v.
125 1561 170 1624 22
180 1581 249 1642 sqq.
273 1559 441 1623 vellicatur
467 1558 596 1636 Codrum
625 1579 721 1640 quem
744 1558 870 1621 etiamsi
893 1557 1028 1642 Valgius
1057 1559 1091 1622 in

79 1657 194 1742 elegiis
218 1655 339 1720 Cinnae
366 1661 398 1720 et
423 1656 605 1720 Demodcco
635 1654 904 1740 aequiparaverit,
926 1655 1089 1740 Vergilius

79 1760 190 1818 tamen
218 1753 379 1834 ‘proxima
406 1752 528 1816 Phoebi
558 1750 703 1814 versibus
734 1751 852 1815 facere’
881 1773 1002 1816 meram
1033 1774 1090 1835 per

79 1852 220 1914 ironiam
248 1849 402 1913 concedit:
431 1849 495 1913 tale
523 1847 607 1910 enim
631 1845 727 1912 Codri
756 1849 993 1932 amicorumque
1022 1850 1090 1912 eius

79 1947 236 2010 iudicium
262 1951 343 2030 erat,
374 1947 442 2029 ipse
465 1945 622 2010 ‘crescens
651 1949 747 2028 poeta
777 1945 883 2030 iurgia
910 1949 942 2008 et
970 1946 1090 2027 fastum

81 2144 302 2200 adnotationem.
324 2143 441 2197 Domitii
454 2143 541 2196 Marsi
557 2144 587 2198 in
601 2144 721 2198 Barium
736 2147 893 2197 curatorem
908 2143 1089 2214 epigramma,

80 2217 156 2286 quod
170 2215 356 2284 Hieronymus
370 2232 396 2282 p.
407 2221 440 2268 41
461 2214 583 2269 servavit
602 2217 630 2268 et
647 2213 801 2268 scholiasta
815 2214 963 2268 Bemcnsis
978 2215 996 2268 l.
1008 2215 1025 2268 l.
1042 2216 1090 2268 ad-

81 2287 232 2354 umbravit,
247 2289 312 2356 post
326 2283 396 2339 alios
411 2285 557 2339 emendare
572 2287 688 2339 conatus
704 2303 766 2338 sum
780 2284 810 2338 in
821 2302 890 2338 mus.
904 2285 991 2338 Rhcn.
1002 2285 1091 2339 XVlll

80 2379 107 2428 p.
116 2364 179 2426 476,
200 2357 258 2410 alia
275 2357 394 2410 fortasse
412 2355 604 2425 probabiliora
622 2355 652 2408 in
671 2357 770 2410 eodem
789 2355 931 2409 volumine
950 2374 976 2424 p.
990 2361 1042 2410 633
1051 2374 1090 2424 sq.

80 2428 229 2500 proposuit
247 2427 440 2481 Buechelerus.

155 2507 176 2578 1)
198 2505 330 2560 Inimicos
353 2504 473 2576 Vergilii
501 2504 598 2558 dicunt
620 2504 827 2574 Philargyrius,
857 2503 982 2572 Servius,
1012 2505 1092 2559 schc-

81 2579 167 2632 liaata
188 2577 336 2631 Beruensia
354 2575 372 2630 1.
390 2577 421 2643 l,
446 2575 519 2628 inter
541 2575 744 2630 obtrectatores
767 2577 897 2629 numerat
916 2575 1028 2629 Servius
1055 2577 1092 2630 ad

82 2651 130 2704 ecl.
145 2648 199 2702 VIl
218 2653 260 2702 21.

154 2727 175 2797 ¹)
192 2728 344 2798 ‘allegorice
360 2725 535 2793 Cornificium
548 2726 624 2792 dicit,
643 2728 692 2795 qui
708 2733 803 2780 contra
818 2726 867 2780 Vir
885 2727 965 2779 ilium
979 2734 1092 2780 coactus

81 2807 118 2854 est
135 2799 267 2853 scribcrc'
288 2796 373 2851 schol.
390 2797 470 2850 Bern.
491 2797 528 2850 ad
546 2795 596 2850 ecl.
615 2797 641 2848 Π
660 2801 703 2852 39.
727 2796 761 2850 cf.
781 2795 818 2848 ad
837 2743 887 2850 ecl.
903 2795 928 2849 V
947 2801 971 2850 8.
1009 2795 1092 2851 Codri

81 2869 194 2922 nomine
219 2867 269 2936 qui
292 2867 468 2922 Cornificium
492 2866 689 2936 intellegerent
710 2866 797 2920 fuisse
822 2865 919 2920 scholl.
939 2867 1038 2920 Veron.
1064 2870 1092 2920 et

81 2940 161 2994 Bern.
183 2939 220 2992 ad
241 2938 291 2992 ecl.
307 2938 358 2992 VII
376 2943 409 2991 26
421 2956 460 3006 sq.
482 2937 611 2990 traditur.
650 2937 795 3006 scripsisse
819 2939 917 2990 contra
935 2936 1093 3007 Vergilium

78 3018 141 3080 post
158 3009 289 3078 quintam
308 3009 419 3063 demum
438 3007 564 3078 eclogam
582 3007 700 3062 videtur.
735 3010 859 3062 ceterum
877 3007 943 3062 vide
965 3008 1091 3077 prolegg.

82 3087 114 3134 96
125 3098 166 3149 sq.
204 3095 333 3148 premens
352 3078 471 3148 Vergilii
488 3079 576 3132 verba
597 3081 743 3132 ‘montibus
766 3079 798 3132 in
818 3081 918 3132 nostris
943 3078 1018 3131 solus
1038 3079 1092 3132 tibi

82 3155 171 3205 certat
185 3151 338 3217 Amyntas'
354 3149 505 3204 Merkelius
524 3149 554 3202 in
571 3149 732 3218 prolusione
752 3148 789 3202 ad
807 3149 871 3202 Ibin
888 3168 914 3217 p.
927 3154 978 3202 365
996 3148 1091 3202 Corni-

81 3223 175 3276 ficium
192 3221 253 3276 eius
267 3220 390 3274 vicinum
404 3219 490 3273 fuisse
503 3220 611 3274 statuit.
639 3237 732 3288 nugae
746 3220 926 3289 proferuntur
939 3219 969 3272 in
984 3235 1090 3289 argum.

81 3295 161 3348 Beru.
179 3292 228 3346 ecl.
247 3291 294 3346 III.

153 3372 174 3442 ³)
194 3370 235 3426 Cf.
250 3369 399 3425 Cledonius
413 3370 482 3424 V43
493 3369 525 3424 K.
542 3372 571 3422 et
584 3370 711 3438 prolegg.
727 3375 760 3423 96
772 3387 821 3437 sq„
836 3344 886 3422 ubi
901 3369 983 3423 docui
998 3368 1092 3422 Corni-

81 3444 147 3512 ficii,
172 3460 231 3496 nou
253 3441 335 3494 Bavii
353 3443 403 3495 aut
421 3439 526 3495 Maeuii
545 3440 670 3509 (Servius
690 3441 727 3492 ad
745 3457 788 3509 ge.
808 3441 819 3491 l
839 3442 901 3508 210)
926 3455 985 3494 esse
1006 3441 1091 3493 versi-

82 3514 181 3568 culum.
219 3514 367 3583 praeterea
385 3511 450 3566 ride
471 3510 596 3581 prolegg.
615 3531 642 3580 p.
658 3516 724 3578 2sq.

133 3615 255 3659 erox,
271 3611 355 3662 Vergil.
559 3657 560 3661 Ἰ
913 3599 931 3651 b
