2556 3966
209 224 272 287 382
542 220 688 275 vanans
705 220 837 274 Ananis
851 219 904 274 1111

252 381 298 446 At
310 383 435 467 regina,
457 404 541 446 nova
564 403 691 466 pugnae
714 382 889 445 conterrita
913 386 1009 467 sorte,

209 480 307 544 flebat
331 485 362 544 et
386 479 548 543 ardentem
567 499 724 562 generum
746 479 910 543 monitura
932 481 1077 544 tenebat:
1194 499 1231 546 55

210 577 337 663 ‘Turne
360 599 416 659 per
438 576 497 640 has
521 597 580 660 ego
604 580 636 640 te
658 575 816 660 lacrimas,
838 597 896 658 per
919 576 1020 659 siquis
1045 575 1187 641 Amatae

210 675 315 758 tangit
337 673 440 736 honos
465 673 607 736 animum
629 669 717 758 (spes
739 675 777 734 tn
798 693 885 734 nunc
907 694 980 758 una,
1004 678 1153 738 senectae

210 775 247 834 tu
270 771 395 854 requies
418 771 563 854 miserae,
585 770 679 834 decus
702 769 935 852 imperiumque
958 769 1068 834 Latini

210 872 244 930 te
266 889 373 953 penes,
396 867 432 930 in
452 871 487 931 te
510 867 613 932 omnis
637 866 749 929 domus
772 865 928 930 inclinata
950 866 1137 954 recumbit),

211 987 311 1028 unum
334 985 406 1028 oro:
430 963 547 1027 desiste
569 984 700 1026 manum
723 963 923 1026 committere
945 963 1086 1044 Teucria.
1196 985 1233 1031 ec

213 1061 268 1144 qui
293 1064 326 1123 te
349 1081 484 1143 cumque
506 1063 637 1123 manent
659 1058 723 1123 isto
748 1060 920 1124 certamine
943 1082 1045 1146 casus,

213 1162 246 1220 et
269 1180 328 1242 me,
352 1157 468 1243 Turne,
490 1159 633 1220 manent:
658 1156 754 1219 simul
775 1155 853 1220 haec
875 1157 980 1220 invisa
1002 1159 1186 1244 relinquam

214 1253 337 1318 lumina
359 1275 417 1320 nec
440 1274 592 1337 generum
615 1252 746 1316 Aenean
768 1253 894 1336 captiva
915 1254 1051 1318 videbo?

213 1351 333 1435 accepit
358 1371 469 1414 rocem
491 1350 632 1414 lacrimis
654 1348 787 1414 Lavinia
810 1351 922 1414 matris

213 1447 382 1532 flagrantis
405 1447 534 1531 perfusa
557 1467 665 1532 genas,
689 1447 765 1530 quoi
787 1447 944 1530 plurimus
968 1449 1076 1532 ignem
1196 1471 1231 1518 aa

214 1544 349 1608 subiecit
371 1545 472 1608 rubor
497 1548 529 1609 et
553 1544 705 1608 calefacta
726 1565 783 1626 per
807 1565 862 1606 ora
885 1545 1032 1608 cucurrit.
1193 1545 1197 1552 ’

213 1641 329 1704 Indum
353 1641 529 1724 sanguineo
552 1641 654 1704 veluti
676 1640 845 1703 violaverit
869 1644 957 1704 ostro

215 1739 316 1820 siquis
340 1737 427 1822 ebur,
451 1741 507 1800 aut
529 1737 630 1800 mixta
652 1737 770 1799 rubent
792 1737 849 1800 ubi
871 1737 940 1801 lilia
962 1739 1066 1802 multa

215 1834 287 1898 alba
309 1856 396 1898 rosa:
420 1835 495 1897 talis
519 1835 611 1918 virgo
635 1833 731 1896 dabat
755 1855 809 1897 ore
832 1835 962 1898 colores.

214 1932 307 1996 illum
328 1932 440 1994 turbat
462 1953 560 2016 amor,
582 1931 719 2014 figitque
742 1931 775 1994 in
798 1930 922 2014 virgine
945 1931 1072 1996 voltus:
1199 1957 1231 2002 το
1272 1969 1273 2040 ,

216 2029 304 2092 ardet
326 2029 362 2091 in
384 2051 470 2092 arma
493 2029 597 2111 magis
621 2027 794 2110 paucisque
818 2027 945 2090 adfatur
966 2026 1128 2095 Amatam.
1272 2055 1273 2088 l

216 2128 276 2212 ‘ne,
300 2146 427 2210 quaese,
448 2146 489 2188 ne
511 2146 562 2188 me
584 2124 723 2188 lacrimis
745 2144 824 2188 neve
848 2125 953 2188 omine
976 2128 1068 2190 tanto
1272 2101 1273 2146 l

215 2243 406 2306 prosequare
428 2222 462 2284 in
481 2221 552 2285 duri
575 2221 748 2284 certamina
771 2221 885 2284 Martis
909 2226 1047 2309 euntem,

217 2342 235 2383 o
258 2323 371 2402 mate13
396 2340 499 2401 neque
522 2319 607 2381 enim
629 2317 738 2380 Turno
762 2341 852 2382 mora
874 2318 975 2382 libera
998 2323 1124 2386 mortis.
1272 2343 1273 2392 1

215 2416 350 2479 nuntius
373 2414 455 2479 haec
473 2414 586 2478 Idmon
607 2414 750 2500 Phrygio
773 2439 844 2480 mea
866 2417 951 2480 dicta
973 2421 1113 2500 tyranno
1199 2443 1230 2488 ru
1272 2423 1273 2504 1

215 2513 281 2578 hau
303 2513 461 2596 placitura
483 2511 578 2576 refer:
602 2513 836 2594 cumprimum
859 2513 998 2576 crastina
1022 2517 1109 2580 caelo
1272 2511 1273 2522 ¹

216 2610 360 2695 puniceis
383 2609 508 2672 invecta
531 2609 612 2674 rotis
637 2607 766 2673 Aurora
788 2609 926 2694 rubebit,

216 2730 283 2772 non
305 2707 443 2770 Teucros
463 2709 537 2790 agat
558 2705 593 2769 in
610 2703 760 2791 Rutulos,
778 2706 934 2772 Teucrum
953 2731 1040 2773 arma
1061 2711 1232 2793 quiescant

218 2809 250 2868 et
272 2803 400 2888 Rutuli3
423 2807 537 2866 nostro
562 2803 747 2867 dirimamus
771 2805 926 2888 sanguine
948 2805 1079 2892 bellum,

217 2903 274 2966 illo
299 2905 471 2988 quaeratur
493 2901 633 2964 coniunx
657 2899 789 2964 Lavinia
812 2903 944 2986 campo'
1197 2925 1230 2972 80

262 2997 350 3062 Haec
373 2997 436 3090 ubi,
452 2997 538 3061 dicta
561 2998 647 3062 dedit
670 2997 863 3082 rapidusque
885 3000 920 3063 in
942 3004 1026 3064 tecta
1048 3006 1193 3089 recessit,

218 3095 322 3178 poscit
345 3116 448 3178 equos
472 3094 652 3179 gaudetque
674 3099 768 3158 tuens
792 3099 865 3158 ante
889 3117 944 3159 ora
964 3097 1141 3184 frementia,
1272 3137 1273 3184 ,

218 3191 366 3256 Pilumno
393 3214 474 3275 quos
497 3192 568 3275 ipsa
591 3194 685 3256 decus
709 3191 795 3255 dedit
818 3190 975 3279 Orithyia,
1272 3193 1273 3276 1

220 3289 275 3372 qui
299 3289 434 3352 candore
456 3289 546 3353 nives
570 3290 738 3374 anteirent,
760 3290 906 3353 cursibus
929 3313 1030 3355 auras.
1272 3277 1273 3316 ³

219 3387 429 3450 circumstant
452 3386 581 3469 properi
605 3386 733 3468 aurigae
756 3386 967 3470 manibusque
989 3388 1154 3454 lacessunt
1195 3408 1226 3455 85

218 3485 349 3566 pectora
372 3481 484 3563 plausa
508 3482 593 3544 cavis
618 3485 649 3544 et
672 3483 754 3544 colla
777 3485 934 3546 comantia
952 3489 1092 3566 pectunt.
