2580 3962
203 280 241 333 Vl
510 279 558 333 DE
577 279 664 334 VITA
682 279 728 333 ET
748 279 905 334 SCRIPTIS

269 437 347 502 Post
362 438 526 503 Donatum
545 440 698 504 Maurus
718 438 874 504 Servius
892 439 1115 504 Honoratus
1136 463 1213 524 quo-

204 558 273 618 que,
305 537 493 600 notissimus
524 541 637 619 poetae
668 539 772 601 nostri
804 539 974 620 interpres
1010 538 1111 601 vitam
1144 539 1212 601 eius

204 633 414 718 adumbravit,
431 633 514 697 unde
529 638 676 716 excerpta
691 638 723 698 et
737 655 794 717 per
808 633 1072 696 commentarium
1090 634 1212 716 passim

204 730 346 812 dispersa
369 730 507 794 frustula
531 733 684 814 quaedam
708 734 826 794 extant.
867 752 943 794 nam
966 751 1047 813 quae
1069 752 1156 793 nune
1179 731 1214 793 in

202 827 366 890 nonnullis
390 827 551 891 codicibus
573 829 748 910 praemissa
772 827 902 890 scholiis
920 827 1040 910 legitur
1064 827 1214 906 eruditis·

204 923 284 987 simo
309 923 515 1006 grammatico
539 946 653 1006 parum
680 925 776 1008 digna
803 922 970 1010 viderur-1).
1017 924 1155 1006 denique
1179 925 1214 986 iu

203 1017 412 1084 Bonnensibus
440 1019 564 1082 duobus
593 1017 672 1104 (172
696 1026 728 1084 et
754 1019 831 1108 161)
859 1021 953 1085 libris
982 1025 1013 1084 et
1038 1021 1073 1082 in
1097 1021 1214 1086 Mona-

203 1119 284 1180 censa'
308 1120 340 1180 et
358 1116 526 1198 Repinensu'
550 1117 666 1200 exigui,
691 1119 746 1182 sed
768 1123 875 1182 tamen
897 1139 963 1182 non
986 1140 1118 1201 prorsus
1142 1119 1213 1182 nul-

202 1213 267 1276 lius
302 1213 399 1295 pretii
435 1213 501 1276 vita
538 1217 640 1298 extat,
677 1236 773 1297 quam
808 1218 883 1297 post
915 1212 1214 1278 Reifferscheidium

203 1306 247 1392 (p.
267 1309 308 1371 52
329 1331 374 1391 sq.
402 1310 436 1372 in
462 1306 620 1395 margine)
654 1310 693 1373 ad
720 1309 930 1374 Beruensium
957 1310 1050 1372 fidem
1081 1311 1213 1392 repetiit

202 1405 355 1488 Hagenus
379 1407 398 1468 l.
417 1406 437 1468 l.
461 1429 482 1488 p
512 1406 583 1470 745.

269 1649 373 1713 Natus
393 1655 441 1713 est
459 1650 491 1714 P.
509 1649 740 1737 Vergilius‘l)
759 1651 862 1714 Maro
886 1648 995 1712 Idibus
1015 1647 1211 1716 Octobribus

204 1747 278 1808 anni
306 1746 425 1829 cellro
455 1745 510 1810 On.
539 1745 690 1830 Pompeio
718 1747 836 1830 Magno
867 1747 1060 1831 M.'Lieinio
1092 1746 1210 1814 Crasso

278 1999 296 2066 ¹)
315 1997 535 2052 Reifferscheidii
550 1998 663 2065 quidem
677 1997 841 2052 ementitam
856 2014 916 2051 esse
930 1997 1020 2050 vitam
1030 1993 1110 2050 illam
1120 1997 1211 2052 Servii

204 2085 306 2124 nomen
329 2068 480 2122 iudicantis
504 2071 669 2137 argumenta
692 2071 746 2122 duo
766 2069 796 2121 in
814 2087 859 2137 qu.
880 2069 966 2121 Suett.
986 2087 1012 2136 p.
1028 2073 1079 2122 399
1098 2069 1211 2138 prolata

205 2139 328 2194 elevavit
337 2139 468 2210 Hagenus
480 2138 498 2191 l.
509 2139 527 2192 l.
542 2158 568 2207 p.
581 2145 631 2192 682
643 2140 719 2194 adn:
733 2156 856 2208 pannum
871 2137 951 2190 illum
961 2137 1118 2192 Probianae
1132 2139 1210 2193 vitae

204 2213 335 2265 adsutum
351 2227 404 2264 non
426 2227 459 2263 ex
477 2209 539 2278 ipsa
554 2209 697 2278 Serviane,
716 2210 765 2263 sed
784 2227 817 2263 ex
833 2209 1000 2277 Donatiana,
1019 2227 1103 2277 quam
1123 2210 1210 2263 inter-

203 2281 314 2352 polator
332 2280 403 2334 falso
422 2297 472 2350 pro
488 2280 622 2333 Serviano
641 2280 778 2348 habuerit,
796 2279 921 2346 fluxisse3
940 2295 1100 2348 perversam
1114 2284 1210 2334 autem

204 2355 239 2406 de
257 2354 345 2405 morte
363 2349 483 2420 Vergilii
501 2351 664 2404 memoriam
683 2352 779 2404 deesse
798 2349 828 2402 in
846 2350 926 2404 libris
946 2349 1035 2403 Servii
1056 2351 1136 2404 Bern.
1158 2357 1209 2404 167

203 2426 232 2477 et
255 2429 313 2476 363.
352 2423 400 2475 sed
423 2423 534 2490 praeter
558 2421 645 2476 totius
672 2421 892 2475 commentarioli
914 2419 1038 2474 indolem
1059 2437 1093 2474 ae
1112 2421 1210 2474 stilum

203 2493 328 2546 notanda
343 2495 407 2544 sunt
421 2508 493 2560 quae
507 2491 537 2544 in
553 2492 757 2561 prolegomenis
776 2491 923 2544 bucolicon
940 2497 994 2560 p.3
1009 2491 1058 2545 Th.
1078 2491 1211 2561 leguntur
1275 2531 1276 2556 1

205 2565 241 2618 ‘et
259 2565 326 2617 dicit
343 2563 484 2627 Donatus,
508 2564 579 2631 quod
602 2566 682 2617 eliani
700 2561 841 2631 inpactae
859 2563 1062 2616 memoravimus
1084 2565 1155 2629 uita,
1178 2565 1211 2616 ire
1275 2619 1276 2624 ,

202 2635 350 2688 scribendis
363 2635 529 2688 carminibus
541 2636 695 2688 naturalem
708 2635 829 2687 ordinent
842 2639 961 2687 secutura
974 2649 1026 2686 esse
1036 2633 1182 2703 Vnpa'liune
1191 2637 1210 2701 ’‚
1275 2631 1276 2668 l

204 2704 325 2772 quaein
342 2707 439 2756 nostra
457 2703 540 2756 hodie
563 2721 618 2758 non
643 2704 826 2772 reperiuntur.
863 2702 972 2772 plenius
996 2705 1156 2757 enarratam
1180 2703 1210 2756 in

205 2774 397 2828 commentarii
420 2773 552 2828 Aeneidis
576 2774 717 2844 prooemio
740 2773 894 2842 respiciunt
915 2773 1000 2842 paulo
1020 2791 1104 2842 supra
1127 2793 1153 2842 p.
1175 2780 1209 2827 96
1275 2789 1276 2840 3

130 2885 135 2892 .
203 2847 285 2898 haec:
307 2845 409 2914 ‘poetae
427 2847 511 2899 uitam
529 2846 560 2898 a'n
578 2847 696 2899 Aeneide
715 2845 853 2899 diutinus)

280 2915 299 2984 ²)
313 2915 490 2969 Indoctorum
504 2915 648 2968 hominum
662 2915 937 2985 magistellorumque
948 2911 1096 2966 ridiculam
1111 2915 1209 2967 contu·
1275 2927 1276 2982 ς

204 2985 336 3053 maciam,
361 2985 408 3054 qui
427 2985 629 3054 praedilectum
648 3003 664 3037 a
683 2986 777 3055 pueris
796 2984 916 3038 nominis
936 2985 1068 3054 Virpile'us
1090 2984 1211 3037 formam
1275 3007 1276 3046 r

204 3059 241 3111 ab
261 3057 354 3126 impiis
372 3073 560 3123 novarumque
580 3072 671 3109 rerum
691 3055 823 3108 studiosis
843 3054 913 3124 eripi
936 3054 990 3108 sibi
1009 3054 1209 3122 lamentantur,
1275 3057 1276 3126 Q

205 3127 377 3197 argumentis
396 3127 620 3194 testimoniisque
640 3126 762 3180 delenire
780 3126 868 3194 pudet
890 3125 1040 3192 taedetque
1059 3129 1210 3192 postquam

205 3203 269 3252 ante
298 3199 347 3251 hos
376 3197 594 3266 quadringentos
622 3213 707 3265 prope
736 3213 823 3248 annos
851 3195 974 3264 Angelus
997 3194 1153 3248 Politianus
1181 3196 1211 3248 in
1275 3225 1276 3266 3

204 3267 391 3322 miscellaneis
417 3285 513 3321 verum
539 3267 640 3320 docuit.
679 3267 754 3334 quod
779 3269 808 3319 et
832 3266 923 3318 titulis
946 3269 1006 3318 tam
1029 3265 1135 3319 liberae
1157 3266 1210 3318 rei·
1275 3283 1276 3328 j

204 3339 334 3408 publicae
363 3356 447 3406 quam
474 3337 598 3406 priorum
625 3341 689 3406 post
715 3336 856 3390 Christum
881 3337 1055 3390 saeculorum
1080 3336 1210 3389 omnibus
1275 3391 1276 3408 χ

204 3411 261 3463 fere
280 3413 308 3462 et
327 3409 454 3462 codicum
468 3407 726 3474 antiquissimorum
744 3407 798 3460 fide
818 3411 846 3459 et
861 3405 1028 3460 Graecorum
1044 3407 1210 3474 scriptorum
1275 3425 1276 3474 r

205 3480 253 3547 qui
272 3481 429 3546 Οὐεργίλιος
446 3479 492 3532 vel
512 3480 648 3544 Βεργίλιος
667 3477 786 3530 seribere
811 3477 901 3530 solent
920 3477 1120 3530 consuetudine
1141 3477 1210 3530 satis

204 3566 340 3618 superque
360 3550 543 3602 confirmatur,
1275 3551 1276 3578 r
