<?xml version="1.0" encoding="UTF-8"?>
<!DOCTYPE html PUBLIC "-//W3C//DTD XHTML 1.0 Transitional//EN"
    "http://www.w3.org/TR/xhtml1/DTD/xhtml1-transitional.dtd">
<html xmlns="http://www.w3.org/1999/xhtml" xml:lang="en" lang="en">
 <head>
  <title>
</title>
<meta http-equiv="Content-Type" content="text/html;charset=utf-8" />
  <meta name='ocr-system' content='tesseract 3.04.00' />
  <meta name='ocr-capabilities' content='ocr_page ocr_carea ocr_par ocr_line ocrx_word'/>
</head>
<body>
  <div class='ocr_page' id='page_1' title='image "./pvergilimaronis11virggoog/pvergilimaronis11virggoog_0501.png"; bbox 0 0 2530 3960; ppageno 0'>
   <div class='ocr_carea' id='block_1_1' title="bbox 214 239 844 304">
    <p class='ocr_par' dir='ltr' id='par_1_1' title="bbox 214 239 844 304">
     <span class='ocr_line' id='line_1_1' title="bbox 214 239 844 304; baseline 0.003 -12"><span class='ocrx_word' id='word_1_1' title='bbox 214 240 278 304; x_wconf 84' lang='lat'>448</span> <span class='ocrx_word' id='word_1_2' title='bbox 598 239 844 294; x_wconf 82' lang='lat' dir='ltr'>CATALEPTON.</span> 
     </span>
    </p>
   </div>
   <div class='ocr_carea' id='block_1_2' title="bbox 215 400 1215 3466">
    <p class='ocr_par' dir='ltr' id='par_1_2' title="bbox 216 400 974 580">
     <span class='ocr_line' id='line_1_2' title="bbox 216 400 940 485; baseline 0 -21"><span class='ocrx_word' id='word_1_3' title='bbox 216 400 320 464; x_wconf 81' lang='lat' dir='ltr'>dulcia</span> <span class='ocrx_word' id='word_1_4' title='bbox 344 401 500 464; x_wconf 81' lang='lat' dir='ltr'>iactantes</span> <span class='ocrx_word' id='word_1_5' title='bbox 525 402 650 466; x_wconf 88' lang='lat' dir='ltr'>alterno</span> <span class='ocrx_word' id='word_1_6' title='bbox 675 400 814 464; x_wconf 87' lang='lat' dir='ltr'>earmina</span> <span class='ocrx_word' id='word_1_7' title='bbox 837 423 940 485; x_wconf 86' lang='lat' dir='ltr'>versu,</span> 
     </span>
     <span class='ocr_line' id='line_1_3' title="bbox 261 497 974 580; baseline 0 -21"><span class='ocrx_word' id='word_1_8' title='bbox 261 497 368 580; x_wconf 82' lang='lat' dir='ltr'>qualia</span> <span class='ocrx_word' id='word_1_9' title='bbox 392 497 574 560; x_wconf 83' lang='lat' dir='ltr'>Trinacriae</span> <span class='ocrx_word' id='word_1_10' title='bbox 597 497 710 560; x_wconf 85' lang='lat' dir='ltr'>doetus</span> <span class='ocrx_word' id='word_1_11' title='bbox 734 501 820 560; x_wconf 91' lang='lat' dir='ltr'>amat</span> <span class='ocrx_word' id='word_1_12' title='bbox 842 498 974 561; x_wconf 88' lang='lat' dir='ltr'>invenis.</span> 
     </span>
    </p>

    <p class='ocr_par' dir='ltr' id='par_1_3' title="bbox 215 594 930 774">
     <span class='ocr_line' id='line_1_4' title="bbox 215 594 930 680; baseline 0 -22"><span class='ocrx_word' id='word_1_13' title='bbox 215 595 362 658; x_wconf 80' lang='lat' dir='ltr'>certatim</span> <span class='ocrx_word' id='word_1_14' title='bbox 385 595 543 658; x_wconf 87' lang='lat' dir='ltr'>ornabant</span> <span class='ocrx_word' id='word_1_15' title='bbox 567 615 676 658; x_wconf 89' lang='lat' dir='ltr'>omnes</span> <span class='ocrx_word' id='word_1_16' title='bbox 700 594 831 659; x_wconf 89' lang='lat' dir='ltr'>heroida</span> <span class='ocrx_word' id='word_1_17' title='bbox 854 596 930 680; x_wconf 81' lang='lat' dir='ltr'>divi,</span> 
     </span>
     <span class='ocr_line' id='line_1_5' title="bbox 261 691 917 774; baseline 0 -20"><span class='ocrx_word' id='word_1_18' title='bbox 261 691 408 754; x_wconf 82' lang='lat' dir='ltr'>certatim</span> <span class='ocrx_word' id='word_1_19' title='bbox 431 691 521 755; x_wconf 86' lang='lat' dir='ltr'>divae</span> <span class='ocrx_word' id='word_1_20' title='bbox 544 712 674 754; x_wconf 89' lang='lat' dir='ltr'>munere</span> <span class='ocrx_word' id='word_1_21' title='bbox 698 712 828 774; x_wconf 88' lang='lat' dir='ltr'>quoque</span> <span class='ocrx_word' id='word_1_22' title='bbox 851 713 917 756; x_wconf 90' lang='lat' dir='ltr'>suo.</span> 
     </span>
    </p>

    <p class='ocr_par' dir='ltr' id='par_1_4' title="bbox 215 787 995 968">
     <span class='ocr_line' id='line_1_6' title="bbox 215 787 995 871; baseline 0.004 -21"><span class='ocrx_word' id='word_1_23' title='bbox 215 787 339 851; x_wconf 83' lang='lat' dir='ltr'>felicem</span> <span class='ocrx_word' id='word_1_24' title='bbox 363 790 437 851; x_wconf 89' lang='lat' dir='ltr'>ante</span> <span class='ocrx_word' id='word_1_25' title='bbox 462 787 540 850; x_wconf 86' lang='lat' dir='ltr'>alias</span> <span class='ocrx_word' id='word_1_26' title='bbox 565 791 640 850; x_wconf 90' lang='lat' dir='ltr'>ote</span> <span class='ocrx_word' id='word_1_27' title='bbox 665 787 821 870; x_wconf 75' lang='lat' dir='ltr'>scriptore</span> <span class='ocrx_word' id='word_1_28' title='bbox 843 789 995 871; x_wconf 86' lang='lat' dir='ltr'>puellam!</span> 
     </span>
     <span class='ocr_line' id='line_1_7' title="bbox 261 884 914 968; baseline 0 -20"><span class='ocrx_word' id='word_1_29' title='bbox 261 885 361 948; x_wconf 87' lang='lat' dir='ltr'>altera</span> <span class='ocrx_word' id='word_1_30' title='bbox 384 906 450 948; x_wconf 90' lang='lat' dir='ltr'>non</span> <span class='ocrx_word' id='word_1_31' title='bbox 473 885 557 948; x_wconf 84' lang='lat' dir='ltr'>fama</span> <span class='ocrx_word' id='word_1_32' title='bbox 581 884 696 948; x_wconf 77' lang='lat' dir='ltr'>dixerit</span> <span class='ocrx_word' id='word_1_33' title='bbox 720 906 790 948; x_wconf 86' lang='lat' dir='ltr'>esse</span> <span class='ocrx_word' id='word_1_34' title='bbox 813 886 914 968; x_wconf 89' lang='lat' dir='ltr'>prior:</span> 
     </span>
    </p>

    <p class='ocr_par' dir='ltr' id='par_1_5' title="bbox 215 979 1215 1166">
     <span class='ocr_line' id='line_1_8' title="bbox 215 979 1215 1066; baseline 0.001 -22"><span class='ocrx_word' id='word_1_35' title='bbox 215 1003 281 1044; x_wconf 91' lang='lat' dir='ltr'>non</span> <span class='ocrx_word' id='word_1_36' title='bbox 304 982 370 1066; x_wconf 88' lang='lat' dir='ltr'>illa,</span> <span class='ocrx_word' id='word_1_37' title='bbox 392 980 608 1064; x_wconf 84' lang='lat' dir='ltr'>Hesperidum</span> <span class='ocrx_word' id='word_1_38' title='bbox 630 979 665 1044; x_wconf 81' lang='lat' dir='ltr'>n&#39;i</span> <span class='ocrx_word' id='word_1_39' title='bbox 688 1003 818 1045; x_wconf 91' lang='lat' dir='ltr'>munere</span> <span class='ocrx_word' id='word_1_40' title='bbox 841 987 934 1066; x_wconf 81' lang='lat' dir='ltr'>capta</span> <span class='ocrx_word' id='word_1_41' title='bbox 956 984 1074 1048; x_wconf 89' lang='lat' dir='ltr'>fuisset</span> <span class='ocrx_word' id='word_1_42' title='bbox 1191 1001 1215 1046; x_wconf 76' lang='lat' dir='ltr'>st</span> 
     </span>
     <span class='ocr_line' id='line_1_9' title="bbox 261 1077 1051 1166; baseline 0.004 -25"><span class='ocrx_word' id='word_1_43' title='bbox 261 1099 342 1161; x_wconf 87' lang='lat' dir='ltr'>quae</span> <span class='ocrx_word' id='word_1_44' title='bbox 365 1078 527 1142; x_wconf 77' lang='lat' dir='ltr'>volucrem</span> <span class='ocrx_word' id='word_1_45' title='bbox 550 1099 645 1141; x_wconf 86' lang='lat' dir='ltr'>eursu</span> <span class='ocrx_word' id='word_1_46' title='bbox 669 1077 788 1141; x_wconf 82' lang='lat' dir='ltr'>vicerat</span> <span class='ocrx_word' id='word_1_47' title='bbox 811 1077 1051 1166; x_wconf 86' lang='lat' dir='ltr'>Hippomenen,</span> 
     </span>
    </p>

    <p class='ocr_par' dir='ltr' id='par_1_6' title="bbox 217 1173 962 1358">
     <span class='ocr_line' id='line_1_10' title="bbox 217 1173 962 1263; baseline 0.004 -25"><span class='ocrx_word' id='word_1_48' title='bbox 217 1175 349 1238; x_wconf 85' lang='lat' dir='ltr'>eandida</span> <span class='ocrx_word' id='word_1_49' title='bbox 372 1195 487 1257; x_wconf 81' lang='lat' dir='ltr'>cycneo</span> <span class='ocrx_word' id='word_1_50' title='bbox 511 1196 576 1238; x_wconf 92' lang='lat' dir='ltr'>non</span> <span class='ocrx_word' id='word_1_51' title='bbox 601 1174 686 1237; x_wconf 88' lang='lat' dir='ltr'>edita</span> <span class='ocrx_word' id='word_1_52' title='bbox 710 1173 867 1258; x_wconf 82' lang='lat' dir='ltr'>Tyndaris</span> <span class='ocrx_word' id='word_1_53' title='bbox 892 1199 962 1263; x_wconf 88' lang='lat' dir='ltr'>ovo,</span> 
     </span>
     <span class='ocr_line' id='line_1_11' title="bbox 260 1269 921 1358; baseline 0.003 -23"><span class='ocrx_word' id='word_1_54' title='bbox 260 1294 326 1336; x_wconf 90' lang='lat' dir='ltr'>non</span> <span class='ocrx_word' id='word_1_55' title='bbox 349 1293 464 1355; x_wconf 86' lang='lat' dir='ltr'>supero</span> <span class='ocrx_word' id='word_1_56' title='bbox 488 1273 615 1356; x_wconf 86' lang='lat' dir='ltr'>fulgens</span> <span class='ocrx_word' id='word_1_57' title='bbox 640 1269 812 1354; x_wconf 78' lang='lat' dir='ltr'>Cassiopea</span> <span class='ocrx_word' id='word_1_58' title='bbox 835 1273 921 1358; x_wconf 89' lang='lat' dir='ltr'>polo,</span> 
     </span>
    </p>

    <p class='ocr_par' dir='ltr' id='par_1_7' title="bbox 216 1369 1215 1554">
     <span class='ocr_line' id='line_1_12' title="bbox 216 1369 1089 1458; baseline 0.002 -24"><span class='ocrx_word' id='word_1_59' title='bbox 216 1391 282 1434; x_wconf 89' lang='lat' dir='ltr'>non</span> <span class='ocrx_word' id='word_1_60' title='bbox 305 1369 433 1432; x_wconf 88' lang='lat' dir='ltr'>defensa</span> <span class='ocrx_word' id='word_1_61' title='bbox 456 1369 510 1432; x_wconf 90' lang='lat' dir='ltr'>diu</span> <span class='ocrx_word' id='word_1_62' title='bbox 533 1369 699 1432; x_wconf 87' lang='lat' dir='ltr'>voluerum</span> <span class='ocrx_word' id='word_1_63' title='bbox 723 1371 895 1434; x_wconf 81' lang='lat' dir='ltr'>certamine</span> <span class='ocrx_word' id='word_1_64' title='bbox 918 1392 1089 1458; x_wconf 87' lang='lat' dir='ltr'>equorum,</span> 
     </span>
     <span class='ocr_line' id='line_1_13' title="bbox 261 1464 1215 1554; baseline 0.003 -24"><span class='ocrx_word' id='word_1_65' title='bbox 261 1467 417 1549; x_wconf 88' lang='lat' dir='ltr'>optabant</span> <span class='ocrx_word' id='word_1_66' title='bbox 440 1466 589 1550; x_wconf 79' lang='lat' dir='ltr'>gravidae</span> <span class='ocrx_word' id='word_1_67' title='bbox 613 1487 710 1549; x_wconf 88' lang='lat' dir='ltr'>quom</span> <span class='ocrx_word' id='word_1_68' title='bbox 737 1464 800 1528; x_wconf 92' lang='lat' dir='ltr'>sibi</span> <span class='ocrx_word' id='word_1_69' title='bbox 825 1488 970 1551; x_wconf 87' lang='lat' dir='ltr'>quaeque</span> <span class='ocrx_word' id='word_1_70' title='bbox 993 1491 1124 1554; x_wconf 88' lang='lat' dir='ltr'>manns,</span> <span class='ocrx_word' id='word_1_71' title='bbox 1191 1487 1215 1532; x_wconf 78' lang='lat' dir='ltr'>ro</span> 
     </span>
    </p>

    <p class='ocr_par' dir='ltr' id='par_1_8' title="bbox 218 1563 1173 1746">
     <span class='ocr_line' id='line_1_14' title="bbox 218 1563 1173 1651; baseline 0.002 -25"><span class='ocrx_word' id='word_1_72' title='bbox 218 1585 310 1646; x_wconf 88' lang='lat' dir='ltr'>saepe</span> <span class='ocrx_word' id='word_1_73' title='bbox 334 1564 473 1626; x_wconf 84' lang='lat' dir='ltr'>animam</span> <span class='ocrx_word' id='word_1_74' title='bbox 496 1563 604 1647; x_wconf 85' lang='lat' dir='ltr'>generi</span> <span class='ocrx_word' id='word_1_75' title='bbox 627 1584 686 1646; x_wconf 92' lang='lat' dir='ltr'>pro</span> <span class='ocrx_word' id='word_1_76' title='bbox 712 1583 776 1645; x_wconf 87' lang='lat' dir='ltr'>qua</span> <span class='ocrx_word' id='word_1_77' title='bbox 800 1567 890 1645; x_wconf 89' lang='lat' dir='ltr'>pater</span> <span class='ocrx_word' id='word_1_78' title='bbox 914 1565 1035 1648; x_wconf 88' lang='lat' dir='ltr'>impius</span> <span class='ocrx_word' id='word_1_79' title='bbox 1058 1565 1173 1651; x_wconf 85' lang='lat' dir='ltr'>hausit,</span> 
     </span>
     <span class='ocr_line' id='line_1_15' title="bbox 262 1658 1070 1746; baseline 0.002 -23"><span class='ocrx_word' id='word_1_80' title='bbox 262 1681 355 1743; x_wconf 88' lang='lat' dir='ltr'>saepe</span> <span class='ocrx_word' id='word_1_81' title='bbox 377 1660 475 1723; x_wconf 88' lang='lat' dir='ltr'>rubro</span> <span class='ocrx_word' id='word_1_82' title='bbox 500 1660 614 1723; x_wconf 90' lang='lat' dir='ltr'>similis</span> <span class='ocrx_word' id='word_1_83' title='bbox 639 1660 797 1742; x_wconf 82' lang='lat' dir='ltr'>sanguine</span> <span class='ocrx_word' id='word_1_84' title='bbox 819 1658 914 1722; x_wconf 87' lang='lat' dir='ltr'>fluxit</span> <span class='ocrx_word' id='word_1_85' title='bbox 936 1659 1070 1746; x_wconf 73' lang='lat' dir='ltr'>humus,</span> 
     </span>
    </p>

    <p class='ocr_par' dir='ltr' id='par_1_9' title="bbox 217 1754 1044 1938">
     <span class='ocr_line' id='line_1_16' title="bbox 217 1754 990 1843; baseline 0 -23"><span class='ocrx_word' id='word_1_86' title='bbox 217 1758 305 1841; x_wconf 85' lang='lat' dir='ltr'>regia</span> <span class='ocrx_word' id='word_1_87' title='bbox 327 1779 394 1821; x_wconf 90' lang='lat' dir='ltr'>non</span> <span class='ocrx_word' id='word_1_88' title='bbox 417 1754 548 1841; x_wconf 79' lang='lat' dir='ltr'>Semele,</span> <span class='ocrx_word' id='word_1_89' title='bbox 571 1778 636 1820; x_wconf 92' lang='lat' dir='ltr'>non</span> <span class='ocrx_word' id='word_1_90' title='bbox 659 1755 789 1818; x_wconf 86' lang='lat' dir='ltr'>Inachis</span> <span class='ocrx_word' id='word_1_91' title='bbox 814 1754 990 1843; x_wconf 72' lang='lat' dir='ltr'>derisione,</span> 
     </span>
     <span class='ocr_line' id='line_1_17' title="bbox 261 1851 1044 1938; baseline -0.001 -21"><span class='ocrx_word' id='word_1_92' title='bbox 261 1855 383 1917; x_wconf 77' lang='lat' dir='ltr'>inmitti</span> <span class='ocrx_word' id='word_1_93' title='bbox 407 1858 556 1937; x_wconf 90' lang='lat' dir='ltr'>expertae</span> <span class='ocrx_word' id='word_1_94' title='bbox 578 1853 712 1916; x_wconf 75' lang='lat' dir='ltr'>fulmine</span> <span class='ocrx_word' id='word_1_95' title='bbox 736 1856 768 1915; x_wconf 91' lang='lat' dir='ltr'>et</span> <span class='ocrx_word' id='word_1_96' title='bbox 792 1851 895 1914; x_wconf 84' lang='lat' dir='ltr'>imbre</span> <span class='ocrx_word' id='word_1_97' title='bbox 917 1851 1044 1938; x_wconf 83' lang='lat' dir='ltr'>Iovem3</span> 
     </span>
    </p>

    <p class='ocr_par' dir='ltr' id='par_1_10' title="bbox 216 1948 1215 2132">
     <span class='ocr_line' id='line_1_18' title="bbox 216 1948 1215 2033; baseline -0.001 -18"><span class='ocrx_word' id='word_1_98' title='bbox 216 1973 283 2016; x_wconf 91' lang='lat' dir='ltr'>non</span> <span class='ocrx_word' id='word_1_99' title='bbox 305 1952 395 2015; x_wconf 87' lang='lat' dir='ltr'>ouius</span> <span class='ocrx_word' id='word_1_100' title='bbox 420 1952 461 2015; x_wconf 93' lang='lat' dir='ltr'>ob</span> <span class='ocrx_word' id='word_1_101' title='bbox 485 1955 614 2033; x_wconf 86' lang='lat' dir='ltr'>raptum</span> <span class='ocrx_word' id='word_1_102' title='bbox 637 1949 724 2033; x_wconf 88' lang='lat' dir='ltr'>pulsi</span> <span class='ocrx_word' id='word_1_103' title='bbox 747 1948 1027 2032; x_wconf 86' lang='lat' dir='ltr'>liquere&#39;penates</span> <span class='ocrx_word' id='word_1_104' title='bbox 1191 1969 1215 2015; x_wconf 78' lang='lat'>³5</span> 
     </span>
     <span class='ocr_line' id='line_1_19' title="bbox 261 2046 939 2132; baseline -0.006 -20"><span class='ocrx_word' id='word_1_105' title='bbox 261 2048 428 2131; x_wconf 82' lang='lat' dir='ltr'>Tarquinii</span> <span class='ocrx_word' id='word_1_106' title='bbox 451 2048 585 2132; x_wconf 88' lang='lat' dir='ltr'>patrios,</span> <span class='ocrx_word' id='word_1_107' title='bbox 609 2046 695 2110; x_wconf 88' lang='lat' dir='ltr'>filius</span> <span class='ocrx_word' id='word_1_108' title='bbox 720 2049 816 2128; x_wconf 91' lang='lat' dir='ltr'>atque</span> <span class='ocrx_word' id='word_1_109' title='bbox 839 2048 939 2129; x_wconf 87' lang='lat' dir='ltr'>pater,</span> 
     </span>
    </p>

    <p class='ocr_par' dir='ltr' id='par_1_11' title="bbox 217 2141 1045 2324">
     <span class='ocr_line' id='line_1_20' title="bbox 217 2141 1045 2228; baseline -0.001 -19"><span class='ocrx_word' id='word_1_110' title='bbox 217 2146 273 2209; x_wconf 89' lang='lat' dir='ltr'>illo</span> <span class='ocrx_word' id='word_1_111' title='bbox 298 2165 361 2228; x_wconf 92' lang='lat' dir='ltr'>quo</span> <span class='ocrx_word' id='word_1_112' title='bbox 385 2145 528 2228; x_wconf 89' lang='lat' dir='ltr'>primum</span> <span class='ocrx_word' id='word_1_113' title='bbox 552 2143 734 2207; x_wconf 90' lang='lat' dir='ltr'>dominatus</span> <span class='ocrx_word' id='word_1_114' title='bbox 758 2141 862 2204; x_wconf 86' lang='lat' dir='ltr'>Roma</span> <span class='ocrx_word' id='word_1_115' title='bbox 886 2143 1045 2226; x_wconf 89' lang='lat' dir='ltr'>superbos</span> 
     </span>
     <span class='ocr_line' id='line_1_21' title="bbox 261 2238 942 2324; baseline -0.004 -18"><span class='ocrx_word' id='word_1_116' title='bbox 261 2241 399 2306; x_wconf 85' lang='lat' dir='ltr'>mutavit</span> <span class='ocrx_word' id='word_1_117' title='bbox 422 2241 556 2324; x_wconf 80' lang='lat' dir='ltr'>placidis</span> <span class='ocrx_word' id='word_1_118' title='bbox 579 2245 724 2322; x_wconf 89' lang='lat' dir='ltr'>tempore</span> <span class='ocrx_word' id='word_1_119' title='bbox 747 2238 942 2303; x_wconf 90' lang='lat' dir='ltr'>oonsulibus.</span> 
     </span>
    </p>

    <p class='ocr_par' dir='ltr' id='par_1_12' title="bbox 217 2335 1215 2520">
     <span class='ocr_line' id='line_1_22' title="bbox 217 2335 1137 2425; baseline -0.001 -22"><span class='ocrx_word' id='word_1_120' title='bbox 217 2340 329 2425; x_wconf 89' lang='lat' dir='ltr'>multa,</span> <span class='ocrx_word' id='word_1_121' title='bbox 351 2359 454 2420; x_wconf 90' lang='lat' dir='ltr'>neque</span> <span class='ocrx_word' id='word_1_122' title='bbox 477 2337 646 2421; x_wconf 86' lang='lat' dir='ltr'>inmeritis,</span> <span class='ocrx_word' id='word_1_123' title='bbox 669 2335 800 2400; x_wconf 87' lang='lat' dir='ltr'>donavit</span> <span class='ocrx_word' id='word_1_124' title='bbox 819 2336 960 2418; x_wconf 87' lang='lat' dir='ltr'>praemia</span> <span class='ocrx_word' id='word_1_125' title='bbox 985 2337 1137 2424; x_wconf 82' lang='lat' dir='ltr'>alumnis,</span> 
     </span>
     <span class='ocr_line' id='line_1_23' title="bbox 262 2430 1215 2520; baseline -0.002 -22"><span class='ocrx_word' id='word_1_126' title='bbox 262 2434 405 2520; x_wconf 87' lang='lat' dir='ltr'>praemia</span> <span class='ocrx_word' id='word_1_127' title='bbox 428 2433 589 2496; x_wconf 87' lang='lat' dir='ltr'>Messallis</span> <span class='ocrx_word' id='word_1_128' title='bbox 612 2433 753 2496; x_wconf 86' lang='lat' dir='ltr'>maxima</span> <span class='ocrx_word' id='word_1_129' title='bbox 774 2430 959 2515; x_wconf 89' lang='lat' dir='ltr'>Poplioolis.</span> <span class='ocrx_word' id='word_1_130' title='bbox 1191 2453 1215 2496; x_wconf 80' lang='lat' dir='ltr'>n</span> 
     </span>
    </p>

    <p class='ocr_par' dir='ltr' id='par_1_13' title="bbox 217 2529 1214 2710">
     <span class='ocr_line' id='line_1_24' title="bbox 217 2529 1214 2615; baseline -0.006 -17"><span class='ocrx_word' id='word_1_131' title='bbox 217 2556 291 2598; x_wconf 90' lang='lat' dir='ltr'>nam</span> <span class='ocrx_word' id='word_1_132' title='bbox 317 2531 393 2615; x_wconf 89' lang='lat' dir='ltr'>quid</span> <span class='ocrx_word' id='word_1_133' title='bbox 418 2551 477 2615; x_wconf 81' lang='lat' dir='ltr'>ego</span> <span class='ocrx_word' id='word_1_134' title='bbox 505 2530 642 2592; x_wconf 91' lang='lat' dir='ltr'>inmensi</span> <span class='ocrx_word' id='word_1_135' title='bbox 670 2551 843 2593; x_wconf 89' lang='lat' dir='ltr'>memorem</span> <span class='ocrx_word' id='word_1_136' title='bbox 873 2529 981 2594; x_wconf 85' lang='lat' dir='ltr'>studia</span> <span class='ocrx_word' id='word_1_137' title='bbox 1004 2532 1071 2596; x_wconf 85' lang='lat' dir='ltr'>ista</span> <span class='ocrx_word' id='word_1_138' title='bbox 1094 2533 1214 2598; x_wconf 69' lang='lat' dir='ltr'>laboris?</span> 
     </span>
     <span class='ocr_line' id='line_1_25' title="bbox 262 2626 960 2710; baseline -0.007 -16"><span class='ocrx_word' id='word_1_139' title='bbox 262 2629 393 2694; x_wconf 86' lang='lat' dir='ltr'>horrida</span> <span class='ocrx_word' id='word_1_140' title='bbox 418 2627 494 2710; x_wconf 89' lang='lat' dir='ltr'>quid</span> <span class='ocrx_word' id='word_1_141' title='bbox 517 2627 614 2690; x_wconf 87' lang='lat' dir='ltr'>durae</span> <span class='ocrx_word' id='word_1_142' title='bbox 637 2629 782 2708; x_wconf 88' lang='lat' dir='ltr'>tempora</span> <span class='ocrx_word' id='word_1_143' title='bbox 804 2626 960 2690; x_wconf 80' lang='lat' dir='ltr'>militiae?</span> 
     </span>
    </p>

    <p class='ocr_par' dir='ltr' id='par_1_14' title="bbox 218 2722 1140 2905">
     <span class='ocr_line' id='line_1_26' title="bbox 218 2722 1105 2812; baseline -0.001 -21"><span class='ocrx_word' id='word_1_144' title='bbox 218 2732 324 2791; x_wconf 87' lang='lat' dir='ltr'>eastra</span> <span class='ocrx_word' id='word_1_145' title='bbox 347 2726 419 2788; x_wconf 83' lang='lat' dir='ltr'>foro</span> <span class='ocrx_word' id='word_1_146' title='bbox 444 2723 551 2808; x_wconf 89' lang='lat' dir='ltr'>solito,</span> <span class='ocrx_word' id='word_1_147' title='bbox 573 2722 648 2786; x_wconf 86' lang='lat' dir='ltr'>huie</span> <span class='ocrx_word' id='word_1_148' title='bbox 671 2723 745 2786; x_wconf 89' lang='lat' dir='ltr'>urbi</span> <span class='ocrx_word' id='word_1_149' title='bbox 767 2743 963 2807; x_wconf 87' lang='lat' dir='ltr'>praeponere</span> <span class='ocrx_word' id='word_1_150' title='bbox 987 2729 1105 2812; x_wconf 86' lang='lat' dir='ltr'>eastra,</span> 
     </span>
     <span class='ocr_line' id='line_1_27' title="bbox 263 2820 1140 2905; baseline 0.002 -19"><span class='ocrx_word' id='word_1_151' title='bbox 263 2827 330 2886; x_wconf 91' lang='lat' dir='ltr'>tam</span> <span class='ocrx_word' id='word_1_152' title='bbox 353 2821 466 2905; x_wconf 86' lang='lat' dir='ltr'>procul</span> <span class='ocrx_word' id='word_1_153' title='bbox 488 2820 550 2884; x_wconf 88' lang='lat' dir='ltr'>hoo</span> <span class='ocrx_word' id='word_1_154' title='bbox 573 2823 681 2905; x_wconf 81' lang='lat' dir='ltr'>gnate,</span> <span class='ocrx_word' id='word_1_155' title='bbox 704 2823 770 2882; x_wconf 86' lang='lat' dir='ltr'>tam</span> <span class='ocrx_word' id='word_1_156' title='bbox 793 2820 905 2904; x_wconf 90' lang='lat' dir='ltr'>proeul</span> <span class='ocrx_word' id='word_1_157' title='bbox 926 2820 989 2885; x_wconf 92' lang='lat' dir='ltr'>hao</span> <span class='ocrx_word' id='word_1_158' title='bbox 1012 2823 1140 2905; x_wconf 83' lang='lat' dir='ltr'>patria?</span> 
     </span>
    </p>

    <p class='ocr_par' dir='ltr' id='par_1_15' title="bbox 217 2917 1215 3097">
     <span class='ocr_line' id='line_1_28' title="bbox 217 2917 1215 3002; baseline -0.003 -19"><span class='ocrx_word' id='word_1_159' title='bbox 217 2920 420 2983; x_wconf 87' lang='lat' dir='ltr'>inmoderata</span> <span class='ocrx_word' id='word_1_160' title='bbox 443 2917 512 3002; x_wconf 86' lang='lat' dir='ltr'>pati</span> <span class='ocrx_word' id='word_1_161' title='bbox 534 2917 599 2980; x_wconf 85' lang='lat' dir='ltr'>iam</span> <span class='ocrx_word' id='word_1_162' title='bbox 622 2917 744 3000; x_wconf 84' lang='lat' dir='ltr'>frigora</span> <span class='ocrx_word' id='word_1_163' title='bbox 767 2917 894 3000; x_wconf 87' lang='lat' dir='ltr'>iamque</span> <span class='ocrx_word' id='word_1_164' title='bbox 913 2919 1063 2984; x_wconf 81' lang='lat' dir='ltr'>calores?</span> <span class='ocrx_word' id='word_1_165' title='bbox 1191 2935 1215 2980; x_wconf 71' lang='lat'>⁴5</span> 
     </span>
     <span class='ocr_line' id='line_1_29' title="bbox 264 3014 951 3097; baseline -0.003 -17"><span class='ocrx_word' id='word_1_166' title='bbox 264 3021 406 3080; x_wconf 89' lang='lat' dir='ltr'>sternere</span> <span class='ocrx_word' id='word_1_167' title='bbox 429 3014 481 3078; x_wconf 87' lang='lat' dir='ltr'>vel</span> <span class='ocrx_word' id='word_1_168' title='bbox 504 3014 583 3077; x_wconf 85' lang='lat' dir='ltr'>dura</span> <span class='ocrx_word' id='word_1_169' title='bbox 605 3034 699 3096; x_wconf 90' lang='lat' dir='ltr'>posse</span> <span class='ocrx_word' id='word_1_170' title='bbox 723 3035 818 3097; x_wconf 89' lang='lat' dir='ltr'>super</span> <span class='ocrx_word' id='word_1_171' title='bbox 841 3015 951 3078; x_wconf 84' lang='lat' dir='ltr'>silice?</span> 
     </span>
    </p>

    <p class='ocr_par' dir='ltr' id='par_1_16' title="bbox 219 3110 1091 3293">
     <span class='ocr_line' id='line_1_30' title="bbox 219 3110 1077 3196; baseline 0.002 -20"><span class='ocrx_word' id='word_1_172' title='bbox 219 3135 312 3196; x_wconf 88' lang='lat' dir='ltr'>saepe</span> <span class='ocrx_word' id='word_1_173' title='bbox 336 3117 460 3176; x_wconf 88' lang='lat' dir='ltr'>truoem</span> <span class='ocrx_word' id='word_1_174' title='bbox 484 3111 615 3174; x_wconf 88' lang='lat' dir='ltr'>adverso</span> <span class='ocrx_word' id='word_1_175' title='bbox 641 3110 765 3193; x_wconf 88' lang='lat' dir='ltr'>perlabi</span> <span class='ocrx_word' id='word_1_176' title='bbox 789 3111 891 3175; x_wconf 88' lang='lat' dir='ltr'>sidere</span> <span class='ocrx_word' id='word_1_177' title='bbox 914 3115 1077 3195; x_wconf 79' lang='lat' dir='ltr'>pontum?</span> 
     </span>
     <span class='ocr_line' id='line_1_31' title="bbox 264 3207 1091 3293; baseline 0.001 -20"><span class='ocrx_word' id='word_1_178' title='bbox 264 3232 356 3293; x_wconf 87' lang='lat' dir='ltr'>saepe</span> <span class='ocrx_word' id='word_1_179' title='bbox 379 3231 466 3273; x_wconf 87' lang='lat' dir='ltr'>mare</span> <span class='ocrx_word' id='word_1_180' title='bbox 490 3207 634 3272; x_wconf 85' lang='lat' dir='ltr'>eudendo</span> <span class='ocrx_word' id='word_1_181' title='bbox 658 3208 792 3293; x_wconf 84' lang='lat' dir='ltr'>vincere,</span> <span class='ocrx_word' id='word_1_182' title='bbox 812 3231 905 3291; x_wconf 87' lang='lat' dir='ltr'>saepe</span> <span class='ocrx_word' id='word_1_183' title='bbox 928 3208 1091 3274; x_wconf 79' lang='lat' dir='ltr'>hiemem?</span> 
     </span>
    </p>

    <p class='ocr_par' dir='ltr' id='par_1_17' title="bbox 219 3305 1214 3466">
     <span class='ocr_line' id='line_1_32' title="bbox 219 3305 1104 3395; baseline 0.003 -26"><span class='ocrx_word' id='word_1_184' title='bbox 219 3327 311 3388; x_wconf 87' lang='lat' dir='ltr'>saepe</span> <span class='ocrx_word' id='word_1_185' title='bbox 335 3305 432 3368; x_wconf 87' lang='lat' dir='ltr'>etiam</span> <span class='ocrx_word' id='word_1_186' title='bbox 455 3305 570 3368; x_wconf 90' lang='lat' dir='ltr'>densos</span> <span class='ocrx_word' id='word_1_187' title='bbox 595 3305 759 3368; x_wconf 83' lang='lat' dir='ltr'>inmittere</span> <span class='ocrx_word' id='word_1_188' title='bbox 782 3324 899 3387; x_wconf 85' lang='lat' dir='ltr'>eorpus</span> <span class='ocrx_word' id='word_1_189' title='bbox 921 3305 958 3368; x_wconf 93' lang='lat' dir='ltr'>in</span> <span class='ocrx_word' id='word_1_190' title='bbox 980 3306 1104 3395; x_wconf 90' lang='lat' dir='ltr'>hostes,</span> 
     </span>
     <span class='ocr_line' id='line_1_33' title="bbox 263 3401 1214 3466; baseline 0.001 -1"><span class='ocrx_word' id='word_1_191' title='bbox 263 3414 463 3465; x_wconf 81' lang='lat' dir='ltr'>communem</span> <span class='ocrx_word' id='word_1_192' title='bbox 486 3401 564 3465; x_wconf 90' lang='lat' dir='ltr'>belli</span> <span class='ocrx_word' id='word_1_193' title='bbox 586 3423 654 3464; x_wconf 92' lang='lat' dir='ltr'>non</span> <span class='ocrx_word' id='word_1_194' title='bbox 675 3401 861 3465; x_wconf 87' lang='lat' dir='ltr'>meminisse</span> <span class='ocrx_word' id='word_1_195' title='bbox 885 3403 1002 3466; x_wconf 80' lang='lat' dir='ltr'>deum?</span> <span class='ocrx_word' id='word_1_196' title='bbox 1191 3419 1214 3466; x_wconf 75' lang='lat' dir='ltr'>et</span> 
     </span>
    </p>
   </div>
   <div class='ocr_carea' id='block_1_3' title="bbox 217 3496 997 3584">
    <p class='ocr_par' dir='ltr' id='par_1_18' title="bbox 217 3496 997 3584">
     <span class='ocr_line' id='line_1_34' title="bbox 217 3496 997 3584; baseline -0.003 -20"><span class='ocrx_word' id='word_1_197' title='bbox 217 3520 302 3564; x_wconf 89' lang='lat' dir='ltr'>nuno</span> <span class='ocrx_word' id='word_1_198' title='bbox 326 3497 441 3560; x_wconf 83' lang='lat' dir='ltr'>celeres</span> <span class='ocrx_word' id='word_1_199' title='bbox 466 3496 573 3582; x_wconf 88' lang='lat' dir='ltr'>Afros,</span> <span class='ocrx_word' id='word_1_200' title='bbox 596 3498 741 3581; x_wconf 89' lang='lat' dir='ltr'>periurae</span> <span class='ocrx_word' id='word_1_201' title='bbox 764 3497 856 3562; x_wconf 89' lang='lat' dir='ltr'>milia</span> <span class='ocrx_word' id='word_1_202' title='bbox 879 3499 997 3584; x_wconf 85' lang='lat' dir='ltr'>gentis,</span> 
     </span>
    </p>
   </div>
   <div class='ocr_carea' id='block_1_4' title="bbox 0 0 1276 3960">
    <p class='ocr_par' dir='ltr' id='par_1_19' title="bbox 0 0 1276 3960">
     <span class='ocr_line' id='line_1_35' title="bbox 0 0 1276 3960; baseline 0 0"><span class='ocrx_word' id='word_1_203' title='bbox 0 0 1276 3960; x_wconf 95' lang='lat' dir='ltr'> </span> 
     </span>
    </p>
   </div>
  </div>
 </body>
</html>
