2576 3970
180 198 246 262 226
508 195 655 250 VERGILI
673 195 803 250 AENEIS
818 196 856 250 Vl

179 359 235 422 vix
258 381 295 422 ea
317 359 405 422 fatus
429 362 507 445 erat,
530 357 674 442 geminae
697 378 769 420 cum
791 357 875 421 forte
898 357 1063 421 columbae
1139 373 1190 420 rec

180 455 252 539 ipsa
276 455 335 518 sub
361 477 416 519 ora
438 455 500 518 viri
523 455 609 519 caelo
633 475 746 518 venere
768 454 913 518 volantes

182 555 214 615 et
236 552 332 616 viridi
356 551 463 616 sedere
487 551 565 616 solo.
611 553 682 614 tum
703 550 861 614 maximus
883 550 979 614 heros

180 653 341 713 maternas
365 647 532 732 adgnoscit
555 670 629 711 aves
651 646 818 730 laetusque
840 651 1001 730 precatur:

181 744 260 808 ‘este
284 745 378 808 duces
402 765 431 830 o,
454 744 546 828 siqua
569 744 621 808 via
644 748 703 828 est,
724 765 916 828 cursumque
939 765 995 827 per
1018 765 1111 806 auras

180 840 316 926 derigite
338 842 374 905 in
395 841 495 926 lucos,
517 840 574 904 ubi
596 841 749 925 pinguem
771 840 858 904 dives
883 844 996 923 opacat
1140 856 1190 904 leo

180 959 288 1001 ramus
310 937 453 1002 humum.
499 941 600 1020 tuque
624 959 642 1001 o
666 937 772 1002 dubiis
793 959 834 1000 ne
857 937 953 1001 defice
976 937 1082 1021 rebus,

180 1033 253 1098 diva
274 1036 409 1118 parens!
457 1034 503 1098 sic
525 1034 639 1098 effatus
661 1033 799 1118 vestigia
821 1023 940 1117 prdssit

181 1131 364 1216 observans,
387 1152 468 1214 quae
492 1131 584 1215 signa
605 1132 720 1215 ferant,
743 1152 807 1213 quo
830 1131 958 1196 tendere
981 1135 1125 1215 pergant.

180 1232 345 1309 pascentes
368 1227 442 1290 illae
465 1230 591 1290 tantum
613 1227 741 1310 prodire
763 1227 910 1313 volando,

181 1328 337 1406 quantum
360 1324 426 1387 acie
448 1327 581 1406 possent
604 1324 688 1388 oculi
711 1345 837 1390 servare
860 1329 1057 1408 sequentum.
1138 1342 1189 1390 roo

179 1419 253 1484 inde
275 1420 333 1484 ubi
356 1441 468 1484 venere
491 1420 530 1483 ad
552 1420 658 1484 fauces
681 1441 777 1504 grave
801 1421 917 1486 olentis
939 1421 1070 1506 Averni,

179 1517 301 1580 tollunt
324 1538 357 1581 se
381 1517 496 1581 celeres
520 1517 740 1601 liquidumque
763 1539 819 1601 per
843 1524 916 1583 a‘e'ra
937 1519 1045 1602 lapsae

181 1613 309 1677 sedibus
333 1614 453 1696 optatis
476 1613 603 1698 gemina
627 1635 723 1697 super
746 1615 858 1679 arbore
883 1615 1001 1700 sidunt,

181 1710 318 1775 discolor
341 1711 424 1774 unde
447 1711 516 1774 auri
538 1731 595 1794 per
617 1731 723 1774 ramos
747 1734 824 1778 aura
846 1712 981 1778 refulsit.

181 1807 275 1890 quale
298 1807 380 1870 solet
403 1807 493 1870 silvis
516 1806 656 1872 brumali
677 1807 797 1890 frigore
820 1807 943 1872 viscum
1136 1825 1184 1873 ros

180 1903 293 1967 fronde
315 1903 418 1967 virere
439 1924 532 1987 nova,
555 1903 641 1986 quod
662 1925 729 1968 non
752 1926 810 1968 sua
833 1905 968 1969 seminat
992 1905 1099 1989 arbos,

181 2005 214 2064 et
237 2021 346 2064 croceo
369 2000 437 2064 fetu
459 2001 570 2064 teretis
593 2000 787 2065 circumdare
809 2006 953 2066 truncos:

180 2097 257 2161 talis
281 2101 349 2162 erat
372 2098 492 2180 species
516 2098 586 2160 auri
608 2096 786 2162 frondentis
810 2118 907 2180 opaca

180 2195 262 2280 ilice,
285 2194 426 2286 siole-ni-
440 2193 617 2276 orepitabat
640 2194 767 2257 brattea
786 2196 894 2289 Q

181 2291 314 2374 corripit
336 2289 460 2354 Aeneas
484 2292 642 2374 extemplo
667 2289 840 2371 avidusque
863 2288 1011 2373 refringit
1134 2307 1181 2354 cro

181 2390 393 2472 cunctantem,
417 2390 449 2450 et
471 2387 555 2451 vatis
579 2391 688 2470 portat
712 2386 772 2450 sub
795 2388 879 2448 tecta
903 2382 1052 2468 Sibyllae.

225 2482 293 2548 Nec
315 2483 421 2548 minus
444 2483 565 2548 interea
587 2484 747 2548 Misenum
769 2480 920 2546 inlitora
943 2481 1056 2546 Teucri

180 2580 301 2646 flebant
323 2584 356 2644 et
379 2580 477 2644 cineri
499 2581 626 2666 ingrato
651 2601 798 2664 suprema
820 2578 972 2643 ferebant.

181 2677 337 2761 principio
360 2677 513 2761 pinguem
535 2678 636 2742 taedis
660 2681 691 2742 et
714 2677 829 2740 robore
852 2680 937 2740 secto

180 2775 343 2858 ingentem
366 2778 510 2838 struxere
533 2797 655 2862 pyram,
677 2773 729 2838 cui
751 2771 918 2836 frondibus
942 2772 1019 2836 atris
1133 2791 1176 2838 ars

180 2872 330 2934 intexunt
351 2871 454 2934 latera
477 2876 509 2935 et
531 2872 639 2936 feralis
663 2875 736 2936 ante
759 2890 925 2952 cupressos

180 2967 392 3053 constituunt,
416 2968 628 3051 decorantque
651 2989 746 3050 super
768 2966 966 3050 fulgentibus
991 2967 1097 3035 ermis.

180 3086 255 3148 pars
279 3064 396 3128 calidos
419 3064 530 3129 latices
555 3070 587 3128 et
610 3070 688 3130 aena
710 3064 864 3128 undantia
887 3065 1022 3128 flammis

180 3160 354 3244 expediunt
377 3182 555 3244 corpusque
577 3161 687 3227 lavant
710 3161 858 3246 frigentis
882 3165 914 3225 et
937 3167 1071 3246 ungunt.

178 3257 217 3320 fit
240 3256 387 3342 gemitus.
433 3260 504 3320 tum
526 3257 668 3320 membra
690 3261 763 3322 toro
787 3257 901 3322 defleta
924 3265 1083 3343 reponunt
1132 3277 1176 3326 220

178 3374 419 3438 purpureasque
443 3374 538 3436 super
560 3359 674 3439 vostea,
696 3354 853 3419 velamina
875 3359 962 3442 nota,

1043 3886 1188 3921 m
1236 3665 1262 3922 l

81 415 110 479 lb

176 3448 349 3515 coniciunt.
395 3471 470 3531 pars
493 3449 618 3534 ingenti
641 3451 766 3516 subiere
789 3452 907 3516 feretro
