2576 3970
185 231 250 296 208
515 230 663 286 VERGILI
680 230 813 286 Ananis
832 229 858 283 V

187 393 342 457 sternitur
366 392 584 476 exanimisque
607 395 747 456 tremens
771 389 1162 488 procumbith.

185 489 241 552 ille
264 510 359 572 super
381 489 456 552 talis
481 488 614 552 effundit
637 493 766 572 pectore
788 510 895 553 voces:

187 584 280 649 ‘hanc
303 586 374 671 tibi,
396 586 496 670 Eryx,
518 585 684 649 meliorem
708 585 846 648 animam
864 607 922 669 pro
942 589 1046 649 morte
1065 583 1195 648 Daretis

186 684 346 768 persolv03
368 683 421 747 hic
443 683 546 746 victor
569 685 694 746 caestus
718 685 884 766 artemque
906 681 1046 765 repono'

229 777 382 843 Protinus
405 778 529 843 Aeneas
553 779 647 843 celeri
670 782 792 843 certare
816 779 936 863 sagitta
1145 795 1195 842 485

186 877 303 940 invitat
326 877 382 960 qui
404 877 488 941 forte
511 877 622 961 velint,
645 879 677 939 et
699 875 841 959 praemia
864 877 950 961 dicit,

186 973 372 1058 ingentique
395 995 492 1036 manu
514 972 634 1035 malum
657 972 695 1035 de
717 994 797 1036 nave
821 970 941 1037 Seresti

187 1071 282 1155 erigit
305 1075 338 1134 et
360 1071 521 1134 volucrem
543 1070 677 1133 traiecto
701 1068 736 1132 in
758 1069 834 1134 fune
857 1069 1047 1157 columbam,

187 1187 250 1250 quo
273 1166 408 1231 tendant
430 1167 559 1250 ferrum,
581 1166 666 1230 malo
690 1167 857 1248 suspendit
880 1167 920 1231 ab
945 1167 1019 1232 alto.

186 1285 359 1328 convenere
382 1263 453 1348 viri,
477 1264 693 1350 deiectamque
716 1285 806 1326 aerea
831 1268 950 1328 sortem
1144 1281 1195 1330 490
1283 1291 1284 1320 1

187 1360 307 1443 accepit
330 1360 434 1444 galea3
457 1363 489 1423 et
512 1360 635 1444 primus
659 1360 795 1424 clamore
819 1361 956 1424 secundo

186 1455 379 1539 Hyrtacidae
403 1460 477 1520 ante
501 1457 604 1520 omnis
628 1457 694 1520 exit
717 1457 806 1522 locus
829 1455 1074 1541 Hippocoontis.

188 1575 282 1636 quem
303 1554 398 1617 modo
421 1555 527 1617 navali
551 1553 738 1617 Mnestheus
762 1555 934 1619 certamine
957 1556 1061 1620 viator

187 1651 402 1736 consequitur,
424 1651 519 1713 viridi
542 1649 730 1714 Mnestheus
754 1650 897 1714 evinctus
921 1651 1012 1716 oliva.

186 1747 301 1810 tertius
325 1747 496 1832 Eurytion,
519 1751 594 1811 tuus
619 1769 637 1812 o
662 1747 836 1812 clarissime
859 1748 959 1812 frater
1145 1767 1196 1816 490

186 1842 338 1929 Pandare,
361 1845 417 1927 qui
440 1845 609 1928 quondam,
631 1845 739 1908 iussus
762 1844 954 1910 confundere
977 1847 1100 1933 foedus,

186 1941 221 2004 in
243 1940 363 2004 medios
386 1941 487 2004 telum
509 1941 636 2004 torsisti
659 1940 781 2022 primus
804 1938 953 2005 Achivos.

187 2043 347 2104 extremus
371 2038 525 2123 galeaque
546 2039 612 2101 ima
635 2037 779 2101 subsedit
802 2036 943 2123 Acestes,

187 2157 283 2200 ausus
307 2140 339 2199 et
361 2135 431 2218 ipse
453 2157 550 2198 manu
572 2134 724 2198 iuvenum
746 2138 904 2217 temptare
927 2135 1080 2202 laborem.

186 2237 257 2296 tum
279 2231 393 2295 validis
417 2231 516 2294 flexos
540 2230 708 2295 incurvant
730 2231 853 2295 viribus
878 2255 968 2297 arcus
1144 2255 1195 2304 500

186 2351 245 2414 pro
270 2351 303 2392 se
327 2328 462 2412 quisque
485 2328 547 2391 viri
571 2331 602 2392 et
625 2328 815 2411 depromunt
838 2329 903 2393 tela
925 2329 1097 2413 pharetris.

186 2427 351 2510 primaque
373 2448 430 2509 per
452 2425 575 2488 caelum
597 2447 696 2502 nervo
719 2425 874 2490 stridente
898 2428 1018 2512 sagitta

186 2523 379 2607 Hyrtacidae
402 2522 526 2586 iuvenis
549 2523 688 2586 volucris
711 2521 891 2587 diverberat
915 2547 1024 2608 auras3

187 2625 219 2684 et
241 2619 329 2683 venit
353 2619 540 2702 adversique
562 2618 709 2702 infigitur
732 2619 846 2682 arbore
868 2621 952 2684 mali.

186 2716 353 2780 intremuit
374 2717 478 2779 malus
501 2716 674 2798 timuitque
698 2716 851 2780 exterrita
873 2717 980 2800 pinnis
1145 2738 1194 2786 505

187 2814 261 2897 ales,
285 2817 317 2876 et
339 2813 464 2897 ingenti
488 2817 664 2877 sonuerunt
688 2813 794 2877 omnia
817 2814 939 2896 plausu.

186 2913 262 2994 post
285 2931 354 2972 acer
377 2908 563 2973 Mnestheus
587 2909 722 2972 adducto
746 2910 893 2974 constitit
916 2933 1001 2997 arcu,

187 3008 253 3071 alta
275 3010 396 3090 petens,
418 3005 601 3088 pariterque
625 3006 733 3070 oculos
757 3007 921 3090 telumque
943 3010 1091 3075 tetendit.

187 3108 238 3168 ast
260 3104 364 3187 ipsam
385 3103 584 3167 miserandus
608 3125 698 3166 avem
721 3105 904 3188 contingere
927 3105 1013 3170 ferro

186 3223 252 3265 non
274 3199 388 3263 valuit:
411 3199 512 3262 nodos
535 3203 567 3263 et
590 3199 717 3262 vincula
739 3200 823 3262 linea
845 3201 943 3285 rupit,
1145 3221 1195 3268 510

188 3297 260 3380 quis
283 3297 399 3358 innexa
421 3296 533 3378 pedem
556 3297 640 3359 malo
664 3297 822 3378 pendebat
845 3297 885 3361 ab
909 3298 989 3381 alt03

187 3393 244 3457 illa
266 3397 362 3456 notos
386 3395 481 3473 atque
505 3392 570 3454 alta
592 3393 703 3456 volans
726 3393 762 3456 in
782 3394 894 3458 nubila
916 3395 1008 3479 fugit.

187 3495 258 3554 tum
280 3488 420 3572 rapidus,
442 3487 614 3552 iandudum
638 3511 712 3561 arcu
735 3494 885 3556 contenta
907 3495 1018 3574 parato
