2514 3966
404 249 551 304 VERGILI
570 251 701 306 Ᾰ1111111111
720 253 745 308 Χ
1014 253 1078 317 321

71 434 130 476 nec
153 433 219 495 spes
243 411 310 474 ulla
333 411 436 496 fugae.
483 412 593 476 miseri
617 417 705 478 stant
728 414 873 479 turribus
897 415 972 478 altis

71 510 261 594 nequiquam
285 511 317 572 11
335 530 408 574 1111
429 531 539 574 muros
562 511 689 574 cinxere
711 533 828 575 corona

71 607 167 670 Asius
188 605 382 670 Imbrasides
405 604 680 692 Hicetaoniusque
702 607 898 691 Thymoetes

70 705 280 787 Assaracique
303 703 367 767 duo
390 708 423 767 et
447 705 553 768 senior
577 726 650 768 cum
673 702 808 769 Castore
830 703 1013 790 Thymbria,

69 802 171 884 prima
193 801 290 884 acies3
313 799 373 864 hos
397 801 542 884 germani
567 797 761 885 Sarpedonis
784 801 879 866 ambo
1029 817 1081 866 111

70 902 103 961 11
126 895 235 962 Clarus
259 901 292 960 et
315 895 481 960 Thaemon
501 896 600 981 Lycia
622 899 816 962 comitantur
839 899 880 963 ab
904 899 977 963 alta.

69 997 133 1060 fert
152 995 265 1080 ingens
290 997 361 1058 1010
384 993 517 1058 conixus
541 1015 673 1078 corpore
699 1017 821 1080 saxum,

69 1093 147 1158 haut
168 1095 295 1175 partem
317 1089 466 1174 exiguam
487 1091 618 1177 montis,
640 1091 814 1176 Lyrnesius
837 1091 971 1177 Acmon,

68 1211 125 1254 nee
147 1187 256 1272 Clytio
279 1186 425 1272 genitore
447 1187 554 1252 minor
575 1209 634 1252 nec
656 1188 755 1252 fratre
778 1187 973 1252 Menestheo.

69 1287 101 1350 hi
122 1287 246 1372 iaculis,
268 1284 317 1348 illi
340 1287 464 1349 certant
487 1283 652 1348 defendere
676 1283 762 1349 saxis
1029 1302 1077 1350 130

69 1385 237 1468 molirique
259 1383 369 1468 ignem
389 1403 551 1465 nervoque
574 1385 684 1465 aptare
708 1382 854 1467 sagittas.

68 1485 134 1566 ipse
157 1482 243 1545 inter
265 1478 397 1564 medios,
419 1477 553 1542 Veneris
577 1479 756 1544 iustissima
779 1501 863 1565 cura,

68 1578 249 1644 Dardanius
273 1580 369 1659 caput
392 1595 462 1639 eece
484 1597 563 1658 puer
586 1576 729 1640 detectus
752 1576 934 1661 honestum,

68 1677 171 1760 qualis
195 1695 322 1758 gemma
344 1673 450 1758 micat,
472 1673 595 1737 fulvom
618 1694 699 1756 quae
722 1673 836 1737 dividit
860 1697 981 1760 aurum,

68 1777 122 1837 aut
145 1771 229 1836 collo
252 1770 347 1834 decus
371 1773 427 1834 aut
450 1770 561 1854 capiti3
583 1770 635 1834 vel
658 1770 751 1854 quale
773 1793 831 1854 per
854 1775 956 1836 111111
1027 1790 1076 1838 131

67 1870 226 1936 inclusum
249 1865 337 1931 buxo
360 1870 416 1930 aut
440 1863 546 1930 Oricia
569 1867 752 1932 terebintho

68 1968 151 2030 lueet
174 1965 266 2047 ebur:
289 1962 380 2027 fusos
404 1961 510 2026 cervix
533 1962 585 2026 cui
606 1963 708 2028 lactea
731 1964 827 2028 crinis

68 2063 182 2147 accipit
205 2065 238 2125 et
260 2060 352 2124 molli
375 2059 566 2126 subnectens
590 2061 726 2125 circulus
750 2083 837 2126 auro.

67 2167 99 2226 te
122 2179 251 2244 quoque
273 2157 495 2241 magnanimae
517 2156 675 2241 viderunt,
696 2155 826 2243 Ismare,
849 2162 961 2242 gentes

70 2259 199 2322 volnera
221 2254 364 2340 derigere
387 2257 420 2317 et
442 2253 581 2318 calamos
606 2275 729 2320 armare
751 2275 884 2341 ueneno,
1027 2273 1077 2322 140

67 2351 216 2419 Maeonia
239 2371 392 2436 generose
415 2349 519 2435 domo,
542 2350 599 2414 ubi
621 2351 755 2436 pinguia
777 2351 864 2415 culta

69 2451 278 2531 exercentque
300 2445 363 2510 viri
383 2445 598 2532 Pactolusque
621 2449 743 2533 inrigat
765 2470 852 2512 auro.

70 2547 170 2612 adfuit
193 2549 226 2609 et
249 2542 446 2628 Mnestheus,
470 2565 564 2627 quem
587 2545 672 2628 pulsi
695 2545 833 2629 pristina
857 2544 957 2609 Turni

70 2665 185 2730 aggere
205 2662 388 2706 moerorum
411 2641 581 2706 sublimem
603 2642 708 2726 gloria
729 2642 827 2727 tollit,

71 2747 101 2806 et
123 2738 245 2824 Capys:
267 2737 344 2802 hinc
364 2758 482 2803 nomen
505 2735 684 2821 Campanae
708 2739 835 2802 ducitur
852 2738 934 2803 urbi.
1028 2757 1077 2806 141

111 2837 165 2902 Illi
188 2837 273 2900 inter
296 2857 365 2900 sese
388 2835 459 2899 duri
482 2836 655 2900 certamina
673 2835 751 2900 belli

72 2933 282 2998 contulerant:
306 2931 411 2995 media
433 2929 557 2996 Aeneas
580 2933 663 2996 freta
684 2936 779 2996 noete
802 2932 939 2997 secabat.

73 3052 206 3114 namque
229 3033 267 3092 ut
289 3029 329 3092 ab
352 3027 505 3093 Euandro
530 3030 643 3093 castris
666 3029 832 3114 ingressus
855 3029 1003 3094 Etruscis

74 3149 176 3214 regem
198 3126 266 3190 adit
289 3129 322 3189 et
344 3126 413 3210 regi
436 3130 592 3190 memorat
614 3147 796 3208 nomenque
816 3148 989 3213 genusque,

74 3226 183 3309 quidve
207 3227 298 3308 petat
321 3223 437 3307 quidve
458 3223 529 3306 ipse
551 3224 643 3308 ferat,
665 3221 843 3286 Mezentius
867 3245 956 3288 arma
1028 3243 1079 3290 roo

75 3343 149 3406 quae
172 3320 236 3386 sibi
258 3319 414 3404 conciliet,
437 3320 640 3403 violentaque
663 3323 794 3402 pectora
817 3317 918 3382 Turni

75 3419 186 3504 edocet,
208 3416 358 3480 humanis
383 3438 463 3499 quae
487 3416 530 3480 sit
552 3416 669 3480 fiducia
692 3416 788 3480 rebus

76 3517 216 3582 admonet
238 3513 459 3598 immiscetque
482 3535 604 3599 preces:
627 3514 707 3578 haut
730 3514 768 3578 fit
790 3536 890 3601 mora,
913 3511 1060 3578 Tarchon
