<?xml version="1.0" encoding="UTF-8"?>
<!DOCTYPE html PUBLIC "-//W3C//DTD XHTML 1.0 Transitional//EN"
    "http://www.w3.org/TR/xhtml1/DTD/xhtml1-transitional.dtd">
<html xmlns="http://www.w3.org/1999/xhtml" xml:lang="en" lang="en">
 <head>
  <title>
</title>
<meta http-equiv="Content-Type" content="text/html;charset=utf-8" />
  <meta name='ocr-system' content='tesseract 3.04.00' />
  <meta name='ocr-capabilities' content='ocr_page ocr_carea ocr_par ocr_line ocrx_word'/>
</head>
<body>
  <div class='ocr_page' id='page_1' title='image "./pvergilimaronis11virggoog_0187.png"; bbox 0 0 2612 3964; ppageno 0'>
   <div class='ocr_carea' id='block_1_1' title="bbox 195 297 870 364">
    <p class='ocr_par' dir='ltr' id='par_1_1' title="bbox 195 297 870 364">
     <span class='ocr_line' id='line_1_1' title="bbox 195 297 870 364; baseline -0.021 0"><span class='ocrx_word' id='word_1_1' title='bbox 195 300 260 364; x_wconf 85' lang='grc'>134</span> <span class='ocrx_word' id='word_1_2' title='bbox 528 298 675 354; x_wconf 80' lang='lat' dir='ltr'><strong>VERGILI</strong></span> <span class='ocrx_word' id='word_1_3' title='bbox 696 297 825 352; x_wconf 80' lang='lat' dir='ltr'><strong>AENEIS</strong></span> <span class='ocrx_word' id='word_1_4' title='bbox 844 297 870 350; x_wconf 92' lang='lat' dir='ltr'>Il</span> 
     </span>
    </p>
   </div>
   <div class='ocr_carea' id='block_1_2' title="bbox 193 459 1219 3631">
    <p class='ocr_par' dir='ltr' id='par_1_2' title="bbox 193 459 996 549">
     <span class='ocr_line' id='line_1_2' title="bbox 193 459 996 549; baseline -0.004 -23"><span class='ocrx_word' id='word_1_5' title='bbox 193 467 338 549; x_wconf 77' lang='lat' dir='ltr'><strong>pectora,</strong></span> <span class='ocrx_word' id='word_1_6' title='bbox 361 462 389 526; x_wconf 91' lang='lat' dir='ltr'>si</span> <span class='ocrx_word' id='word_1_7' title='bbox 411 462 504 525; x_wconf 89' lang='lat' dir='ltr'>vobis</span> <span class='ocrx_word' id='word_1_8' title='bbox 528 461 696 525; x_wconf 88' lang='lat' dir='ltr'>audentem</span> <span class='ocrx_word' id='word_1_9' title='bbox 719 464 859 524; x_wconf 89' lang='lat' dir='ltr'>extrema</span> <span class='ocrx_word' id='word_1_10' title='bbox 883 459 996 543; x_wconf 89' lang='lat' dir='ltr'>cupido</span> 
     </span>
    </p>

    <p class='ocr_par' dir='ltr' id='par_1_3' title="bbox 194 556 1219 644">
     <span class='ocr_line' id='line_1_3' title="bbox 194 556 1219 644; baseline -0.002 -22"><span class='ocrx_word' id='word_1_11' title='bbox 194 563 280 623; x_wconf 88' lang='lat' dir='ltr'>certa</span> <span class='ocrx_word' id='word_1_12' title='bbox 304 557 409 644; x_wconf 85' lang='lat' dir='ltr'>sequi,</span> <span class='ocrx_word' id='word_1_13' title='bbox 432 581 513 642; x_wconf 91' lang='lat' dir='ltr'>quae</span> <span class='ocrx_word' id='word_1_14' title='bbox 537 559 579 622; x_wconf 87' lang='lat' dir='ltr'>sit</span> <span class='ocrx_word' id='word_1_15' title='bbox 602 558 698 621; x_wconf 88' lang='lat' dir='ltr'>rebus</span> <span class='ocrx_word' id='word_1_16' title='bbox 721 557 852 620; x_wconf 84' lang='lat' dir='ltr'>fortuna</span> <span class='ocrx_word' id='word_1_17' title='bbox 874 556 999 621; x_wconf 84' lang='lat' dir='ltr'>videtis.</span> <span class='ocrx_word' id='word_1_18' title='bbox 1158 573 1219 620; x_wconf 87' lang='grc'>350</span> 
     </span>
    </p>

    <p class='ocr_par' dir='ltr' id='par_1_4' title="bbox 194 653 911 738">
     <span class='ocr_line' id='line_1_4' title="bbox 194 653 911 738; baseline -0.006 -18"><span class='ocrx_word' id='word_1_19' title='bbox 194 678 354 720; x_wconf 80' lang='lat' dir='ltr'>excessere</span> <span class='ocrx_word' id='word_1_20' title='bbox 378 677 486 721; x_wconf 89' lang='lat' dir='ltr'>omnes</span> <span class='ocrx_word' id='word_1_21' title='bbox 511 655 615 738; x_wconf 88' lang='lat' dir='ltr'>adytis</span> <span class='ocrx_word' id='word_1_22' title='bbox 640 655 768 738; x_wconf 89' lang='lat' dir='ltr'>arisque</span> <span class='ocrx_word' id='word_1_23' title='bbox 790 653 911 717; x_wconf 88' lang='lat' dir='ltr'>relictis</span> 
     </span>
    </p>

    <p class='ocr_par' dir='ltr' id='par_1_5' title="bbox 194 749 1139 838">
     <span class='ocr_line' id='line_1_5' title="bbox 194 749 1139 838; baseline -0.003 -23"><span class='ocrx_word' id='word_1_24' title='bbox 194 752 241 838; x_wconf 86' lang='lat' dir='ltr'>di,</span> <span class='ocrx_word' id='word_1_25' title='bbox 264 753 381 837; x_wconf 89' lang='lat' dir='ltr'>quibus</span> <span class='ocrx_word' id='word_1_26' title='bbox 404 753 576 836; x_wconf 88' lang='lat' dir='ltr'>imperium</span> <span class='ocrx_word' id='word_1_27' title='bbox 598 751 659 815; x_wconf 90' lang='lat' dir='ltr'>hoc</span> <span class='ocrx_word' id='word_1_28' title='bbox 683 754 828 834; x_wconf 71' lang='lat' dir='ltr'>steterat:</span> <span class='ocrx_word' id='word_1_29' title='bbox 853 750 1039 815; x_wconf 72' lang='lat' dir='ltr'>succurritis</span> <span class='ocrx_word' id='word_1_30' title='bbox 1062 749 1139 813; x_wconf 91' lang='lat' dir='ltr'>urbi</span> 
     </span>
    </p>

    <p class='ocr_par' dir='ltr' id='par_1_6' title="bbox 195 847 1061 916">
     <span class='ocr_line' id='line_1_6' title="bbox 195 847 1061 916; baseline -0.005 -2"><span class='ocrx_word' id='word_1_31' title='bbox 195 851 353 916; x_wconf 87' lang='lat' dir='ltr'>incensae:</span> <span class='ocrx_word' id='word_1_32' title='bbox 376 851 550 914; x_wconf 86' lang='lat' dir='ltr'>moriamur</span> <span class='ocrx_word' id='word_1_33' title='bbox 573 853 605 913; x_wconf 91' lang='lat' dir='ltr'>et</span> <span class='ocrx_word' id='word_1_34' title='bbox 628 849 663 911; x_wconf 92' lang='lat' dir='ltr'>in</span> <span class='ocrx_word' id='word_1_35' title='bbox 685 847 788 910; x_wconf 88' lang='lat' dir='ltr'>media</span> <span class='ocrx_word' id='word_1_36' title='bbox 812 869 900 911; x_wconf 90' lang='lat' dir='ltr'>arma</span> <span class='ocrx_word' id='word_1_37' title='bbox 922 869 1061 911; x_wconf 79' lang='lat' dir='ltr'>ruamus.</span> 
     </span>
    </p>

    <p class='ocr_par' dir='ltr' id='par_1_7' title="bbox 195 944 960 1028">
     <span class='ocr_line' id='line_1_7' title="bbox 195 944 960 1028; baseline -0.004 -18"><span class='ocrx_word' id='word_1_38' title='bbox 195 969 259 1010; x_wconf 90' lang='lat' dir='ltr'>una</span> <span class='ocrx_word' id='word_1_39' title='bbox 282 947 368 1011; x_wconf 87' lang='lat' dir='ltr'>salus</span> <span class='ocrx_word' id='word_1_40' title='bbox 391 947 485 1011; x_wconf 84' lang='lat' dir='ltr'>victis</span> <span class='ocrx_word' id='word_1_41' title='bbox 508 948 631 1010; x_wconf 89' lang='lat' dir='ltr'>nullam</span> <span class='ocrx_word' id='word_1_42' title='bbox 655 965 781 1028; x_wconf 86' lang='lat' dir='ltr'>sperare</span> <span class='ocrx_word' id='word_1_43' title='bbox 805 944 960 1008; x_wconf 89' lang='lat' dir='ltr'>salutem’</span> 
     </span>
    </p>

    <p class='ocr_par' dir='ltr' id='par_1_8' title="bbox 196 1041 1216 1125">
     <span class='ocr_line' id='line_1_8' title="bbox 196 1041 1216 1125; baseline -0.002 -19"><span class='ocrx_word' id='word_1_44' title='bbox 196 1044 242 1107; x_wconf 90' lang='lat' dir='ltr'>sio</span> <span class='ocrx_word' id='word_1_45' title='bbox 265 1045 379 1108; x_wconf 91' lang='lat' dir='ltr'>animis</span> <span class='ocrx_word' id='word_1_46' title='bbox 403 1044 560 1108; x_wconf 84' lang='lat' dir='ltr'>iuvenum</span> <span class='ocrx_word' id='word_1_47' title='bbox 575 1044 665 1106; x_wconf 88' lang='lat' dir='ltr'>furor</span> <span class='ocrx_word' id='word_1_48' title='bbox 689 1041 824 1105; x_wconf 79' lang='lat' dir='ltr'>additus,</span> <span class='ocrx_word' id='word_1_49' title='bbox 869 1041 941 1104; x_wconf 88' lang='lat' dir='ltr'>inde</span> <span class='ocrx_word' id='word_1_50' title='bbox 965 1041 1034 1125; x_wconf 92' lang='lat' dir='ltr'>lupi</span> <span class='ocrx_word' id='word_1_51' title='bbox 1058 1062 1116 1104; x_wconf 88' lang='lat' dir='ltr'>ceu</span> <span class='ocrx_word' id='word_1_52' title='bbox 1157 1057 1216 1104; x_wconf 94' lang='grc'>355</span> 
     </span>
    </p>

    <p class='ocr_par' dir='ltr' id='par_1_9' title="bbox 195 1137 1063 1225">
     <span class='ocr_line' id='line_1_9' title="bbox 195 1137 1063 1225; baseline -0.006 -20"><span class='ocrx_word' id='word_1_53' title='bbox 195 1146 341 1224; x_wconf 88' lang='lat' dir='ltr'>raptores</span> <span class='ocrx_word' id='word_1_54' title='bbox 364 1145 434 1205; x_wconf 87' lang='lat' dir='ltr'>atra</span> <span class='ocrx_word' id='word_1_55' title='bbox 456 1141 491 1204; x_wconf 95' lang='lat' dir='ltr'>in</span> <span class='ocrx_word' id='word_1_56' title='bbox 512 1140 643 1225; x_wconf 84' lang='lat' dir='ltr'>nebula,</span> <span class='ocrx_word' id='word_1_57' title='bbox 667 1160 748 1222; x_wconf 88' lang='lat' dir='ltr'>quos</span> <span class='ocrx_word' id='word_1_58' title='bbox 770 1137 918 1222; x_wconf 89' lang='lat' dir='ltr'>improba</span> <span class='ocrx_word' id='word_1_59' title='bbox 940 1137 1063 1202; x_wconf 87' lang='lat' dir='ltr'>ventris</span> 
     </span>
    </p>

    <p class='ocr_par' dir='ltr' id='par_1_10' title="bbox 196 1235 871 1323">
     <span class='ocr_line' id='line_1_10' title="bbox 196 1235 871 1323; baseline -0.004 -22"><span class='ocrx_word' id='word_1_60' title='bbox 196 1239 302 1323; x_wconf 86' lang='lat' dir='ltr'>exegit</span> <span class='ocrx_word' id='word_1_61' title='bbox 324 1260 433 1303; x_wconf 89' lang='lat' dir='ltr'>caecos</span> <span class='ocrx_word' id='word_1_62' title='bbox 455 1239 560 1302; x_wconf 86' lang='lat' dir='ltr'>rabies</span> <span class='ocrx_word' id='word_1_63' title='bbox 583 1236 744 1319; x_wconf 72' lang='lat' dir='ltr'>catulique</span> <span class='ocrx_word' id='word_1_64' title='bbox 767 1235 871 1300; x_wconf 89' lang='lat' dir='ltr'>relicti</span> 
     </span>
    </p>

    <p class='ocr_par' dir='ltr' id='par_1_11' title="bbox 196 1331 1050 1418">
     <span class='ocr_line' id='line_1_11' title="bbox 196 1331 1050 1418; baseline -0.005 -19"><span class='ocrx_word' id='word_1_65' title='bbox 196 1335 342 1399; x_wconf 87' lang='lat' dir='ltr'>faucibus</span> <span class='ocrx_word' id='word_1_66' title='bbox 365 1338 533 1418; x_wconf 86' lang='lat' dir='ltr'>expectant</span> <span class='ocrx_word' id='word_1_67' title='bbox 557 1333 663 1417; x_wconf 80' lang='lat' dir='ltr'>siccis,</span> <span class='ocrx_word' id='word_1_68' title='bbox 685 1354 743 1416; x_wconf 91' lang='lat' dir='ltr'>per</span> <span class='ocrx_word' id='word_1_69' title='bbox 764 1332 843 1418; x_wconf 84' lang='lat' dir='ltr'>tela,</span> <span class='ocrx_word' id='word_1_70' title='bbox 865 1354 922 1415; x_wconf 90' lang='lat' dir='ltr'>per</span> <span class='ocrx_word' id='word_1_71' title='bbox 944 1331 1050 1395; x_wconf 89' lang='lat' dir='ltr'>hostis</span> 
     </span>
    </p>

    <p class='ocr_par' dir='ltr' id='par_1_12' title="bbox 196 1429 1214 1512">
     <span class='ocr_line' id='line_1_12' title="bbox 196 1429 1214 1512; baseline -0.001 -17"><span class='ocrx_word' id='word_1_72' title='bbox 196 1431 341 1495; x_wconf 85' lang='lat' dir='ltr'>vadimus</span> <span class='ocrx_word' id='word_1_73' title='bbox 368 1431 454 1494; x_wconf 88' lang='lat' dir='ltr'>haud</span> <span class='ocrx_word' id='word_1_74' title='bbox 482 1430 612 1494; x_wconf 87' lang='lat' dir='ltr'>dubiam</span> <span class='ocrx_word' id='word_1_75' title='bbox 634 1430 669 1492; x_wconf 92' lang='lat' dir='ltr'>in</span> <span class='ocrx_word' id='word_1_76' title='bbox 690 1433 828 1494; x_wconf 92' lang='lat' dir='ltr'>mortem</span> <span class='ocrx_word' id='word_1_77' title='bbox 849 1429 1034 1512; x_wconf 86' lang='lat' dir='ltr'>mediaeque</span> <span class='ocrx_word' id='word_1_78' title='bbox 1058 1433 1214 1494; x_wconf 85' lang='lat' dir='ltr'>tenemus</span> 
     </span>
    </p>

    <p class='ocr_par' dir='ltr' id='par_1_13' title="bbox 197 1526 1213 1610">
     <span class='ocr_line' id='line_1_13' title="bbox 197 1526 1213 1610; baseline 0.002 -20"><span class='ocrx_word' id='word_1_79' title='bbox 197 1527 287 1591; x_wconf 91' lang='lat' dir='ltr'>urbis</span> <span class='ocrx_word' id='word_1_80' title='bbox 310 1527 384 1610; x_wconf 80' lang='lat' dir='ltr'>iter3</span> <span class='ocrx_word' id='word_1_81' title='bbox 407 1548 471 1590; x_wconf 83' lang='lat' dir='ltr'>nox</span> <span class='ocrx_word' id='word_1_82' title='bbox 495 1530 565 1590; x_wconf 88' lang='lat' dir='ltr'>atra</span> <span class='ocrx_word' id='word_1_83' title='bbox 587 1548 664 1590; x_wconf 80' lang='lat' dir='ltr'>cava</span> <span class='ocrx_word' id='word_1_84' title='bbox 687 1527 893 1591; x_wconf 89' lang='lat' dir='ltr'>circumvolat</span> <span class='ocrx_word' id='word_1_85' title='bbox 917 1526 1038 1590; x_wconf 90' lang='lat' dir='ltr'>umbra.</span> <span class='ocrx_word' id='word_1_86' title='bbox 1156 1545 1213 1594; x_wconf 82' lang='grc'>360</span> 
     </span>
    </p>

    <p class='ocr_par' dir='ltr' id='par_1_14' title="bbox 198 1623 1014 1708">
     <span class='ocr_line' id='line_1_14' title="bbox 198 1623 1014 1708; baseline -0.002 -21"><span class='ocrx_word' id='word_1_87' title='bbox 198 1624 270 1707; x_wconf 87' lang='lat' dir='ltr'>quis</span> <span class='ocrx_word' id='word_1_88' title='bbox 293 1623 414 1687; x_wconf 84' lang='lat' dir='ltr'>cladem</span> <span class='ocrx_word' id='word_1_89' title='bbox 435 1623 523 1686; x_wconf 87' lang='lat' dir='ltr'>illius</span> <span class='ocrx_word' id='word_1_90' title='bbox 545 1624 665 1708; x_wconf 83' lang='lat' dir='ltr'>noctis,</span> <span class='ocrx_word' id='word_1_91' title='bbox 688 1624 760 1706; x_wconf 90' lang='lat' dir='ltr'>quis</span> <span class='ocrx_word' id='word_1_92' title='bbox 784 1623 897 1687; x_wconf 84' lang='lat' dir='ltr'>funera</span> <span class='ocrx_word' id='word_1_93' title='bbox 919 1623 1014 1686; x_wconf 87' lang='lat' dir='ltr'>fando</span> 
     </span>
    </p>

    <p class='ocr_par' dir='ltr' id='par_1_15' title="bbox 198 1720 1030 1806">
     <span class='ocr_line' id='line_1_15' title="bbox 198 1720 1030 1806; baseline -0.001 -22"><span class='ocrx_word' id='word_1_94' title='bbox 198 1721 333 1806; x_wconf 85' lang='lat' dir='ltr'>explicet</span> <span class='ocrx_word' id='word_1_95' title='bbox 356 1723 412 1784; x_wconf 90' lang='lat' dir='ltr'>aut</span> <span class='ocrx_word' id='word_1_96' title='bbox 434 1721 538 1802; x_wconf 91' lang='lat' dir='ltr'>possit</span> <span class='ocrx_word' id='word_1_97' title='bbox 560 1720 700 1785; x_wconf 87' lang='lat' dir='ltr'>lacrimis</span> <span class='ocrx_word' id='word_1_98' title='bbox 724 1742 859 1804; x_wconf 91' lang='lat' dir='ltr'>aequare</span> <span class='ocrx_word' id='word_1_99' title='bbox 882 1720 1030 1783; x_wconf 84' lang='lat' dir='ltr'>labores?</span> 
     </span>
    </p>

    <p class='ocr_par' dir='ltr' id='par_1_16' title="bbox 197 1817 1065 1901">
     <span class='ocr_line' id='line_1_16' title="bbox 197 1817 1065 1901; baseline -0.002 -19"><span class='ocrx_word' id='word_1_100' title='bbox 197 1818 275 1882; x_wconf 90' lang='lat' dir='ltr'>urbs</span> <span class='ocrx_word' id='word_1_101' title='bbox 299 1817 432 1900; x_wconf 88' lang='lat' dir='ltr'>antiqua</span> <span class='ocrx_word' id='word_1_102' title='bbox 453 1818 520 1880; x_wconf 90' lang='lat' dir='ltr'>ruit</span> <span class='ocrx_word' id='word_1_103' title='bbox 542 1817 663 1880; x_wconf 91' lang='lat' dir='ltr'>multos</span> <span class='ocrx_word' id='word_1_104' title='bbox 686 1817 849 1880; x_wconf 73' lang='lat' dir='ltr'>dominata</span> <span class='ocrx_word' id='word_1_105' title='bbox 871 1839 928 1900; x_wconf 89' lang='lat' dir='ltr'>per</span> <span class='ocrx_word' id='word_1_106' title='bbox 951 1837 1065 1901; x_wconf 79' lang='lat' dir='ltr'>annos3</span> 
     </span>
    </p>

    <p class='ocr_par' dir='ltr' id='par_1_17' title="bbox 198 1914 1063 2000">
     <span class='ocr_line' id='line_1_17' title="bbox 198 1914 1063 2000; baseline -0.003 -20"><span class='ocrx_word' id='word_1_107' title='bbox 198 1916 336 2000; x_wconf 85' lang='lat' dir='ltr'>plurima</span> <span class='ocrx_word' id='word_1_108' title='bbox 358 1936 476 1999; x_wconf 90' lang='lat' dir='ltr'>perque</span> <span class='ocrx_word' id='word_1_109' title='bbox 499 1914 567 1979; x_wconf 87' lang='grc'><strong>1111</strong></span> <span class='ocrx_word' id='word_1_110' title='bbox 592 1917 779 1978; x_wconf 90' lang='lat' dir='ltr'>sternuntur</span> <span class='ocrx_word' id='word_1_111' title='bbox 802 1914 919 1978; x_wconf 86' lang='lat' dir='ltr'>inertia</span> <span class='ocrx_word' id='word_1_112' title='bbox 941 1914 1063 1998; x_wconf 90' lang='lat' dir='ltr'>passim</span> 
     </span>
    </p>

    <p class='ocr_par' dir='ltr' id='par_1_18' title="bbox 199 2011 1212 2097">
     <span class='ocr_line' id='line_1_18' title="bbox 199 2011 1212 2097; baseline -0.001 -19"><span class='ocrx_word' id='word_1_113' title='bbox 199 2035 332 2097; x_wconf 85' lang='lat' dir='ltr'>corpora</span> <span class='ocrx_word' id='word_1_114' title='bbox 354 2033 473 2096; x_wconf 90' lang='lat' dir='ltr'>perque</span> <span class='ocrx_word' id='word_1_115' title='bbox 497 2013 608 2075; x_wconf 91' lang='lat' dir='ltr'>domos</span> <span class='ocrx_word' id='word_1_116' title='bbox 632 2014 664 2074; x_wconf 88' lang='lat' dir='ltr'>et</span> <span class='ocrx_word' id='word_1_117' title='bbox 687 2011 838 2095; x_wconf 88' lang='lat' dir='ltr'>religiosa</span> <span class='ocrx_word' id='word_1_118' title='bbox 861 2011 992 2074; x_wconf 87' lang='lat' dir='ltr'>deorum</span> <span class='ocrx_word' id='word_1_119' title='bbox 1157 2031 1212 2080; x_wconf 81' lang='grc'>365</span> 
     </span>
    </p>

    <p class='ocr_par' dir='ltr' id='par_1_19' title="bbox 197 2107 1076 2193">
     <span class='ocr_line' id='line_1_19' title="bbox 197 2107 1076 2193; baseline -0.003 -19"><span class='ocrx_word' id='word_1_120' title='bbox 197 2110 316 2174; x_wconf 90' lang='lat' dir='ltr'>limina.</span> <span class='ocrx_word' id='word_1_121' title='bbox 361 2131 420 2174; x_wconf 90' lang='lat' dir='ltr'>neo</span> <span class='ocrx_word' id='word_1_122' title='bbox 443 2110 504 2173; x_wconf 93' lang='lat' dir='ltr'>soli</span> <span class='ocrx_word' id='word_1_123' title='bbox 527 2131 646 2193; x_wconf 90' lang='lat' dir='ltr'>poenas</span> <span class='ocrx_word' id='word_1_124' title='bbox 670 2109 747 2171; x_wconf 87' lang='lat' dir='ltr'>dant</span> <span class='ocrx_word' id='word_1_125' title='bbox 771 2108 926 2193; x_wconf 86' lang='lat' dir='ltr'>sanguine</span> <span class='ocrx_word' id='word_1_126' title='bbox 949 2107 1076 2172; x_wconf 84' lang='lat' dir='ltr'>Teucri:</span> 
     </span>
    </p>

    <p class='ocr_par' dir='ltr' id='par_1_20' title="bbox 199 2204 1106 2292">
     <span class='ocr_line' id='line_1_20' title="bbox 199 2204 1106 2292; baseline -0.001 -21"><span class='ocrx_word' id='word_1_127' title='bbox 199 2207 359 2291; x_wconf 88' lang='lat' dir='ltr'>quondam</span> <span class='ocrx_word' id='word_1_128' title='bbox 382 2207 479 2270; x_wconf 89' lang='lat' dir='ltr'>etiam</span> <span class='ocrx_word' id='word_1_129' title='bbox 501 2207 595 2270; x_wconf 75' lang='lat' dir='ltr'>victis</span> <span class='ocrx_word' id='word_1_130' title='bbox 618 2204 701 2269; x_wconf 88' lang='lat' dir='ltr'>redit</span> <span class='ocrx_word' id='word_1_131' title='bbox 724 2205 759 2268; x_wconf 89' lang='grc'>111</span> <span class='ocrx_word' id='word_1_132' title='bbox 781 2205 964 2289; x_wconf 89' lang='lat' dir='ltr'>praecordia</span> <span class='ocrx_word' id='word_1_133' title='bbox 986 2205 1106 2292; x_wconf 77' lang='lat' dir='ltr'>virtue,</span> 
     </span>
    </p>

    <p class='ocr_par' dir='ltr' id='par_1_21' title="bbox 198 2301 992 2386">
     <span class='ocr_line' id='line_1_21' title="bbox 198 2301 992 2386; baseline -0.001 -19"><span class='ocrx_word' id='word_1_134' title='bbox 198 2303 397 2386; x_wconf 85' lang='lat' dir='ltr'>victoresque</span> <span class='ocrx_word' id='word_1_135' title='bbox 420 2303 537 2366; x_wconf 88' lang='lat' dir='ltr'>cadunt</span> <span class='ocrx_word' id='word_1_136' title='bbox 559 2301 671 2366; x_wconf 88' lang='lat' dir='ltr'>Danai.</span> <span class='ocrx_word' id='word_1_137' title='bbox 715 2302 850 2366; x_wconf 90' lang='lat' dir='ltr'>crudelis</span> <span class='ocrx_word' id='word_1_138' title='bbox 874 2303 992 2386; x_wconf 90' lang='lat' dir='ltr'>ubique</span> 
     </span>
    </p>

    <p class='ocr_par' dir='ltr' id='par_1_22' title="bbox 196 2399 1211 2580">
     <span class='ocr_line' id='line_1_22' title="bbox 196 2399 1074 2486; baseline 0.001 -22"><span class='ocrx_word' id='word_1_139' title='bbox 196 2402 317 2486; x_wconf 85' lang='lat' dir='ltr'>luctus,</span> <span class='ocrx_word' id='word_1_140' title='bbox 339 2399 458 2483; x_wconf 89' lang='lat' dir='ltr'>ubique</span> <span class='ocrx_word' id='word_1_141' title='bbox 480 2422 580 2483; x_wconf 87' lang='lat' dir='ltr'>pavor</span> <span class='ocrx_word' id='word_1_142' title='bbox 603 2403 635 2463; x_wconf 89' lang='lat' dir='ltr'>et</span> <span class='ocrx_word' id='word_1_143' title='bbox 658 2399 796 2483; x_wconf 90' lang='lat' dir='ltr'>plurima</span> <span class='ocrx_word' id='word_1_144' title='bbox 819 2400 934 2464; x_wconf 89' lang='lat' dir='ltr'>mortis</span> <span class='ocrx_word' id='word_1_145' title='bbox 957 2400 1074 2484; x_wconf 88' lang='lat' dir='ltr'>imago.</span> 
     </span>
     <span class='ocr_line' id='line_1_23' title="bbox 241 2494 1211 2580; baseline 0.005 -20"><span class='ocrx_word' id='word_1_146' title='bbox 241 2497 368 2561; x_wconf 91' lang='lat' dir='ltr'>Primus</span> <span class='ocrx_word' id='word_1_147' title='bbox 392 2518 425 2560; x_wconf 91' lang='grc'>11</span> <span class='ocrx_word' id='word_1_148' title='bbox 448 2494 595 2560; x_wconf 86' lang='lat' dir='ltr'>Danaum</span> <span class='ocrx_word' id='word_1_149' title='bbox 617 2517 733 2580; x_wconf 85' lang='lat' dir='ltr'>magna</span> <span class='ocrx_word' id='word_1_150' title='bbox 756 2497 929 2561; x_wconf 89' lang='lat' dir='ltr'>comitante</span> <span class='ocrx_word' id='word_1_151' title='bbox 952 2501 1079 2562; x_wconf 81' lang='lat' dir='ltr'>caterva</span> <span class='ocrx_word' id='word_1_152' title='bbox 1157 2519 1211 2565; x_wconf 84' lang='grc'>110</span> 
     </span>
    </p>

    <p class='ocr_par' dir='ltr' id='par_1_23' title="bbox 197 2592 1066 2681">
     <span class='ocr_line' id='line_1_24' title="bbox 197 2592 1066 2681; baseline 0.001 -24"><span class='ocrx_word' id='word_1_153' title='bbox 197 2594 385 2678; x_wconf 82' lang='lat' dir='ltr'>Androgeos</span> <span class='ocrx_word' id='word_1_154' title='bbox 410 2592 503 2656; x_wconf 86' lang='lat' dir='ltr'>offert</span> <span class='ocrx_word' id='word_1_155' title='bbox 525 2592 636 2676; x_wconf 83' lang='lat' dir='ltr'>nobis,</span> <span class='ocrx_word' id='word_1_156' title='bbox 660 2593 745 2656; x_wconf 87' lang='lat' dir='ltr'>socia</span> <span class='ocrx_word' id='word_1_157' title='bbox 769 2594 896 2678; x_wconf 85' lang='lat' dir='ltr'>agmina</span> <span class='ocrx_word' id='word_1_158' title='bbox 920 2594 1066 2681; x_wconf 81' lang='lat' dir='ltr'>credens,</span> 
     </span>
    </p>

    <p class='ocr_par' dir='ltr' id='par_1_24' title="bbox 197 2689 1030 2775">
     <span class='ocr_line' id='line_1_25' title="bbox 197 2689 1030 2775; baseline -0.001 -20"><span class='ocrx_word' id='word_1_159' title='bbox 197 2691 331 2775; x_wconf 83' lang='lat' dir='ltr'>inscius,</span> <span class='ocrx_word' id='word_1_160' title='bbox 354 2694 450 2773; x_wconf 90' lang='lat' dir='ltr'>atque</span> <span class='ocrx_word' id='word_1_161' title='bbox 473 2690 559 2752; x_wconf 90' lang='lat' dir='ltr'>ultro</span> <span class='ocrx_word' id='word_1_162' title='bbox 582 2689 689 2752; x_wconf 86' lang='lat' dir='ltr'>verbis</span> <span class='ocrx_word' id='word_1_163' title='bbox 713 2689 883 2772; x_wconf 90' lang='lat' dir='ltr'>compellat</span> <span class='ocrx_word' id='word_1_164' title='bbox 907 2690 1030 2754; x_wconf 86' lang='lat' dir='ltr'>amicis:</span> 
     </span>
    </p>

    <p class='ocr_par' dir='ltr' id='par_1_25' title="bbox 200 2787 1074 2872">
     <span class='ocr_line' id='line_1_26' title="bbox 200 2787 1074 2872; baseline 0 -20"><span class='ocrx_word' id='word_1_165' title='bbox 200 2788 374 2872; x_wconf 60' lang='lat' dir='ltr'>‘festinata</span> <span class='ocrx_word' id='word_1_166' title='bbox 396 2787 465 2851; x_wconf 88' lang='grc'><strong>1111.</strong></span> <span class='ocrx_word' id='word_1_167' title='bbox 510 2808 586 2852; x_wconf 90' lang='lat' dir='ltr'>nam</span> <span class='ocrx_word' id='word_1_168' title='bbox 609 2809 690 2870; x_wconf 90' lang='lat' dir='ltr'>quae</span> <span class='ocrx_word' id='word_1_169' title='bbox 712 2790 780 2850; x_wconf 89' lang='lat' dir='ltr'>tam</span> <span class='ocrx_word' id='word_1_170' title='bbox 803 2809 873 2850; x_wconf 89' lang='lat' dir='ltr'>sera</span> <span class='ocrx_word' id='word_1_171' title='bbox 896 2791 1041 2852; x_wconf 89' lang='lat' dir='ltr'>moratur</span> <span class='ocrx_word' id='word_1_172' title='bbox 1071 2815 1074 2820; x_wconf 92' lang='lat'>·</span> 
     </span>
    </p>

    <p class='ocr_par' dir='ltr' id='par_1_26' title="bbox 198 2883 949 2970">
     <span class='ocr_line' id='line_1_27' title="bbox 198 2883 949 2970; baseline -0.003 -21"><span class='ocrx_word' id='word_1_173' title='bbox 198 2884 373 2970; x_wconf 77' lang='lat' dir='ltr'>segnities?</span> <span class='ocrx_word' id='word_1_174' title='bbox 397 2885 452 2948; x_wconf 92' lang='lat' dir='ltr'>alii</span> <span class='ocrx_word' id='word_1_175' title='bbox 475 2883 605 2967; x_wconf 90' lang='lat' dir='ltr'>rapiunt</span> <span class='ocrx_word' id='word_1_176' title='bbox 628 2883 757 2948; x_wconf 89' lang='lat' dir='ltr'>incensa</span> <span class='ocrx_word' id='word_1_177' title='bbox 779 2884 949 2967; x_wconf 83' lang='lat' dir='ltr'>feruntque</span> 
     </span>
    </p>

    <p class='ocr_par' dir='ltr' id='par_1_27' title="bbox 198 2979 1210 3065">
     <span class='ocr_line' id='line_1_28' title="bbox 198 2979 1210 3065; baseline 0.005 -20"><span class='ocrx_word' id='word_1_178' title='bbox 198 2979 366 3065; x_wconf 69' lang='lat' dir='ltr'>Pergama:</span> <span class='ocrx_word' id='word_1_179' title='bbox 384 3002 442 3045; x_wconf 81' lang='lat' dir='ltr'>vos</span> <span class='ocrx_word' id='word_1_180' title='bbox 462 2981 554 3044; x_wconf 88' lang='grc'><strong>111111</strong></span> <span class='ocrx_word' id='word_1_181' title='bbox 572 3003 658 3044; x_wconf 89' lang='lat' dir='ltr'>nunc</span> <span class='ocrx_word' id='word_1_182' title='bbox 676 2982 816 3064; x_wconf 89' lang='lat' dir='ltr'>primum</span> <span class='ocrx_word' id='word_1_183' title='bbox 834 2981 1006 3046; x_wconf 84' lang='lat' dir='ltr'>anavibus</span> <span class='ocrx_word' id='word_1_184' title='bbox 1026 2983 1119 3047; x_wconf 85' lang='lat' dir='ltr'>itis?’</span> <span class='ocrx_word' id='word_1_185' title='bbox 1157 3003 1210 3050; x_wconf 79' lang='grc'>315</span> 
     </span>
    </p>

    <p class='ocr_par' dir='ltr' id='par_1_28' title="bbox 197 3076 1141 3164">
     <span class='ocr_line' id='line_1_29' title="bbox 197 3076 1141 3164; baseline 0.002 -22"><span class='ocrx_word' id='word_1_186' title='bbox 197 3078 294 3164; x_wconf 81' lang='lat' dir='ltr'>dixit,</span> <span class='ocrx_word' id='word_1_187' title='bbox 318 3082 349 3140; x_wconf 86' lang='lat' dir='ltr'>et</span> <span class='ocrx_word' id='word_1_188' title='bbox 373 3079 531 3162; x_wconf 84' lang='lat' dir='ltr'>extemplo</span> <span class='ocrx_word' id='word_1_189' title='bbox 555 3076 673 3164; x_wconf 86' lang='lat' dir='ltr'>(neque</span> <span class='ocrx_word' id='word_1_190' title='bbox 696 3078 781 3141; x_wconf 91' lang='lat' dir='ltr'>enim</span> <span class='ocrx_word' id='word_1_191' title='bbox 802 3099 955 3160; x_wconf 91' lang='lat' dir='ltr'>responsa</span> <span class='ocrx_word' id='word_1_192' title='bbox 979 3079 1141 3144; x_wconf 88' lang='lat' dir='ltr'>dabantur</span> 
     </span>
    </p>

    <p class='ocr_par' dir='ltr' id='par_1_29' title="bbox 198 3171 1010 3260">
     <span class='ocr_line' id='line_1_30' title="bbox 198 3171 1010 3260; baseline 0.004 -23"><span class='ocrx_word' id='word_1_193' title='bbox 198 3174 262 3237; x_wconf 90' lang='lat' dir='ltr'>fida</span> <span class='ocrx_word' id='word_1_194' title='bbox 285 3171 378 3260; x_wconf 89' lang='lat' dir='ltr'>satis)</span> <span class='ocrx_word' id='word_1_195' title='bbox 403 3175 502 3237; x_wconf 89' lang='lat' dir='ltr'>sensit</span> <span class='ocrx_word' id='word_1_196' title='bbox 525 3175 645 3240; x_wconf 87' lang='lat' dir='ltr'>medios</span> <span class='ocrx_word' id='word_1_197' title='bbox 669 3175 817 3258; x_wconf 88' lang='lat' dir='ltr'>delapsus</span> <span class='ocrx_word' id='word_1_198' title='bbox 841 3175 875 3238; x_wconf 91' lang='lat' dir='ltr'>in</span> <span class='ocrx_word' id='word_1_199' title='bbox 896 3175 1010 3240; x_wconf 88' lang='lat' dir='ltr'>hostis.</span> 
     </span>
    </p>

    <p class='ocr_par' dir='ltr' id='par_1_30' title="bbox 196 3270 1041 3356">
     <span class='ocr_line' id='line_1_31' title="bbox 196 3270 1041 3356; baseline 0.004 -22"><span class='ocrx_word' id='word_1_200' title='bbox 196 3270 357 3353; x_wconf 90' lang='lat' dir='ltr'>obstipuit</span> <span class='ocrx_word' id='word_1_201' title='bbox 380 3273 530 3354; x_wconf 88' lang='lat' dir='ltr'>retroque</span> <span class='ocrx_word' id='word_1_202' title='bbox 553 3271 664 3354; x_wconf 90' lang='lat' dir='ltr'>pedem</span> <span class='ocrx_word' id='word_1_203' title='bbox 687 3295 759 3336; x_wconf 90' lang='lat' dir='ltr'>curn</span> <span class='ocrx_word' id='word_1_204' title='bbox 781 3294 858 3337; x_wconf 87' lang='lat' dir='ltr'>voce</span> <span class='ocrx_word' id='word_1_205' title='bbox 881 3275 1041 3356; x_wconf 87' lang='lat' dir='ltr'>repressit.</span> 
     </span>
    </p>

    <p class='ocr_par' dir='ltr' id='par_1_31' title="bbox 197 3366 1057 3455">
     <span class='ocr_line' id='line_1_32' title="bbox 197 3366 1057 3455; baseline 0.007 -26"><span class='ocrx_word' id='word_1_206' title='bbox 197 3366 398 3450; x_wconf 78' lang='lat' dir='ltr'>inprovisum</span> <span class='ocrx_word' id='word_1_207' title='bbox 422 3368 524 3449; x_wconf 90' lang='lat' dir='ltr'>aspris</span> <span class='ocrx_word' id='word_1_208' title='bbox 547 3369 648 3432; x_wconf 82' lang='lat' dir='ltr'>veluti</span> <span class='ocrx_word' id='word_1_209' title='bbox 672 3370 727 3453; x_wconf 90' lang='lat' dir='ltr'>qui</span> <span class='ocrx_word' id='word_1_210' title='bbox 751 3370 895 3433; x_wconf 87' lang='lat' dir='ltr'>sentibus</span> <span class='ocrx_word' id='word_1_211' title='bbox 920 3391 1057 3455; x_wconf 88' lang='lat' dir='ltr'>anguem</span> 
     </span>
    </p>

    <p class='ocr_par' dir='ltr' id='par_1_32' title="bbox 198 3463 1212 3554">
     <span class='ocr_line' id='line_1_33' title="bbox 198 3463 1212 3554; baseline 0.01 -28"><span class='ocrx_word' id='word_1_212' title='bbox 198 3464 317 3546; x_wconf 86' lang='lat' dir='ltr'>pressit</span> <span class='ocrx_word' id='word_1_213' title='bbox 340 3463 430 3526; x_wconf 92' lang='lat' dir='ltr'>humi</span> <span class='ocrx_word' id='word_1_214' title='bbox 453 3464 560 3528; x_wconf 87' lang='lat' dir='ltr'>nitens</span> <span class='ocrx_word' id='word_1_215' title='bbox 584 3467 791 3550; x_wconf 89' lang='lat' dir='ltr'>trepidusque</span> <span class='ocrx_word' id='word_1_216' title='bbox 814 3471 945 3550; x_wconf 88' lang='lat' dir='ltr'>repente</span> <span class='ocrx_word' id='word_1_217' title='bbox 966 3469 1089 3554; x_wconf 81' lang='lat' dir='ltr'>refugit</span> <span class='ocrx_word' id='word_1_218' title='bbox 1158 3487 1212 3536; x_wconf 77' lang='grc'>380</span> 
     </span>
    </p>

    <p class='ocr_par' dir='ltr' id='par_1_33' title="bbox 197 3560 1007 3631">
     <span class='ocr_line' id='line_1_34' title="bbox 197 3560 1007 3631; baseline 0.01 -9"><span class='ocrx_word' id='word_1_219' title='bbox 197 3560 402 3624; x_wconf 87' lang='lat' dir='ltr'>attollentem</span> <span class='ocrx_word' id='word_1_220' title='bbox 424 3560 488 3623; x_wconf 90' lang='lat' dir='ltr'>iras</span> <span class='ocrx_word' id='word_1_221' title='bbox 512 3566 544 3624; x_wconf 91' lang='lat' dir='ltr'>et</span> <span class='ocrx_word' id='word_1_222' title='bbox 567 3564 692 3627; x_wconf 88' lang='lat' dir='ltr'>caerula</span> <span class='ocrx_word' id='word_1_223' title='bbox 715 3565 796 3628; x_wconf 92' lang='lat' dir='ltr'>colla</span> <span class='ocrx_word' id='word_1_224' title='bbox 819 3569 1007 3631; x_wconf 85' lang='lat' dir='ltr'>tumentem:</span> 
     </span>
    </p>
   </div>
   <div class='ocr_carea' id='block_1_3' title="bbox 0 0 1315 3964">
    <p class='ocr_par' dir='ltr' id='par_1_34' title="bbox 0 0 1315 3964">
     <span class='ocr_line' id='line_1_35' title="bbox 0 0 1315 3964; baseline 0 0"><span class='ocrx_word' id='word_1_225' title='bbox 0 0 1315 3964; x_wconf 95' lang='lat' dir='ltr'> </span> 
     </span>
    </p>
   </div>
  </div>
 </body>
</html>
