2574 3964
366 281 514 336 VERGILI
534 281 744 338 GEORGICON
762 283 814 338 Illl
1001 324 1003 328 -
1054 280 1097 345 91

84 445 215 530 ‘mater,
238 441 363 527 Cyrene
385 447 502 530 mater,
525 466 606 527 quae
629 445 769 529 gurgitis
791 443 888 508 huius

85 542 151 604 ima
173 545 280 626 tenes,
303 540 380 625 quid
402 562 453 604 me
476 542 638 624 praeclara
661 543 762 626 stirpe
786 543 918 606 deorum

83 635 130 724 (si
144 637 251 722 modo,
270 660 365 722 quem
378 637 537 722 perhibeo,
555 642 647 721 pater
665 643 714 704 est
729 638 949 723 Thymbraeus
963 631 1098 723 Apollo)

84 735 230 799 invisum
251 734 328 798 fatis
352 734 515 819 genuisti?
539 737 595 798 aut
618 755 681 816 quo
705 733 767 797 tibi
789 733 894 798 nostri

83 831 201 915 pulsus
225 831 339 895 amor‘?
363 831 441 914 quid
462 853 513 894 me
535 830 658 894 caelum
681 852 808 913 sperare
830 829 988 894 iubebas?
1047 844 1099 893 825

83 950 126 992 en
150 928 250 992 etiam
271 927 357 991 hunc
380 927 488 1010 ipsum
509 927 595 991 11111
617 927 763 991 mortalis
787 927 955 1013 honorem,

82 1047 185 1110 quem
207 1025 288 1088 mihi
310 1025 364 1089 vix
386 1025 518 1109 frugum
540 1027 573 1088 et
594 1025 751 1108 pecudum
773 1023 919 1089 custodia
942 1023 1055 1088 sollers

82 1123 197 1187 omnia
220 1121 394 1205 temptanti
416 1121 598 1207 extuderat,
624 1125 657 1184 te
679 1126 782 1186 matre
805 1121 960 1204 relinquo.

82 1220 170 1303 quin
192 1239 251 1303 age
275 1223 307 1282 et
329 1219 401 1301 ipsa
422 1241 520 1282 manu
542 1218 644 1282 felicis
668 1240 742 1282 erue
766 1218 876 1303 silvas,

80 1319 134 1382 fer
156 1316 294 1380 stabulis
312 1316 480 1380 inimicum
498 1317 606 1400 ignem
624 1320 720 1399 atque
738 1315 880 1380 interfice
899 1313 1023 1400 messis,
1048 1329 1101 1378 130

81 1437 145 1479 111
170 1417 241 1478 1111
264 1417 296 1476 et
319 1413 432 1476 duram
454 1413 489 1476 in
510 1412 587 1477 ritis
610 1413 724 1476 molire
746 1413 932 1497 bipennem,
970 1409 974 1418 ’

81 1513 182 1574 tanta
204 1531 293 1573 meae
316 1509 344 1573 si
366 1513 399 1573 te
423 1513 576 1592 ceperrmt
598 1509 703 1573 taedia
725 1509 850 1574 laudis!

81 1613 119 1672 at
145 1609 249 1670 mater
273 1607 416 1671 sonitum
438 1605 580 1669 thalamo
604 1606 665 1670 sub
687 1605 830 1670 fluminis
854 1605 912 1670 alti

81 1705 200 1769 sensit.
246 1725 316 1767 cam
338 1702 458 1767 circum
480 1702 606 1766 Milesia
628 1703 746 1768 vellera
767 1701 928 1786 nymphae

80 1801 264 1885 carpebant
285 1799 376 1882 hyali
398 1804 509 1864 saturo
532 1800 639 1864 fucata
662 1799 782 1884 colore,
1048 1815 1101 1864 331

83 1899 277 1981 Drumoque
300 1895 494 1980 Xanthoque
516 1895 678 1981 Ligeaque
700 1895 970 1983 Phyllodoceque,
1156 1895 1161 2017 q'

80 1994 263 2060 caesariem
285 1994 403 2057 effusae
425 1994 562 2057 nitidam
584 2016 641 2077 per
664 1994 796 2058 candida
819 1993 914 2079 colla,
1153 2022 1158 2095 q

81 2093 298 2176 Cydippeque
321 2095 354 2154 et
376 2090 460 2156 11111
481 2088 649 2175 Lycorias,
672 2091 773 2154 altera
794 2089 901 2176 virgo,
1048 2107 1099 2156 333
1150 2102 1154 2153 l

81 2192 192 2255 altera
214 2192 286 2252 tum
307 2188 429 2270 primos
452 2186 591 2252 Lucinae
614 2191 744 2271 experta
766 2187 907 2272 leharea,
1048 2205 1101 2253 340
1150 2238 1153 2303 ,
1176 2201 1205 2252 2

82 2287 226 2370 Clioque
250 2289 282 2349 et
304 2283 405 2348 Beroe
429 2307 534 2370 soror,
558 2284 758 2349 Oceanitides
782 2284 909 2370 ambae,
1148 2306 1152 2373 f

82 2384 203 2448 ambae
226 2403 319 2467 aure,
341 2381 437 2464 pictis
459 2382 616 2446 incinctae
638 2382 778 2466 pellibus
801 2382 926 2467 ambae,
1146 2386 1150 2477 ,¹

83 2487 188 2564 atque
210 2478 343 2562 Ephyre
366 2482 463 2562 atque
486 2477 565 2561 Opis
588 2484 620 2543 et
642 2478 722 2542 Asia
744 2477 886 2562 Deiopea

82 2583 120 2642 et
142 2576 277 2640 tandem
298 2575 414 2658 positis
437 2575 531 2639 velox
554 2574 716 2641 Arethusa
740 2577 878 2661 sagittis.

84 2676 174 2739 inter
198 2693 279 2756 quas
302 2693 411 2736 curam
434 2670 586 2754 Clymene
608 2674 761 2737 narrabat
783 2675 911 2738 inanem
1050 2692 1102 2740 341
1140 2686 1144 2717 ¹

83 2770 243 2854 Volcani,
264 2767 444 2853 Martisque
466 2769 557 2833 dolos
581 2775 613 2834 et
636 2770 741 2834 dulcia
763 2772 864 2857 furta,

84 2890 172 2952 aque
196 2864 286 2931 Chao
310 2866 424 2930 densos
447 2867 555 2931 divom
576 2868 768 2931 numerabat
792 2889 923 2933 amores.
1022 2882 1053 2926 2
1145 2948 1147 2953 Ι

84 2964 231 3030 carmine
255 2985 319 3046 quo
342 2968 452 3047 captae
475 2964 551 3028 dum
573 2965 654 3028 11111
678 2965 788 3028 mollia
811 2987 909 3048 pensa

84 3063 280 3146 devolvont,
301 3061 420 3125 iterum
442 3065 604 3126 maternas
627 3061 757 3145 impulit
781 3063 867 3126 aruis

85 3160 197 3224 luctus
220 3157 377 3242 Aristaei,
399 3158 573 3242 vitreisque
597 3159 751 3222 sedilibus
776 3181 885 3224 omnes
1052 3175 1104 3224 310

85 3255 291 3340 obstipuere;
311 3253 370 3317 sed
394 3257 468 3318 1111
491 3255 570 3319 11111
593 3253 756 3320 Arethusa
780 3278 906 3320 sorores

86 3543 205 3603 Nesaee
230 3541 362 3620 Spioque
386 3542 553 3622 Thaliaque
578 3543 803 3620 Cymodoceque
1054 3553 1105 3601 318
