2574 3964
190 217 234 282 94
484 215 632 272 VERGIbl
651 215 862 272 GEORGIOON
880 217 932 270 llll
1279 280 1280 316 1

189 383 285 463 atque
307 379 426 444 habilis
448 379 600 444 membris
623 379 712 443 venit
734 379 835 464 vigor.
877 382 926 442 est
950 399 1063 461 specus
1085 377 1204 463 ingens

111 535 126 567 a
136 527 157 578 st
190 477 275 540 exesi
297 476 397 542 latere
419 477 454 542 in
475 476 610 560 montis,
633 498 697 558 quo
721 476 860 560 plurima
881 479 978 539 vento

109 568 135 604 'V
189 572 316 658 cogitur
338 573 436 657 inque
459 575 548 638 sinus
572 572 689 637 scindit
712 593 781 636 sese
803 571 888 636 unda
910 572 1074 657 reductos,
1150 588 1205 636 410
1280 571 1281 576 ’

190 669 353 753 deprensis
377 670 455 735 olim
478 670 575 734 statio
599 668 763 734 tutissima
784 669 906 752 nautis3

189 767 277 831 intus
301 789 335 830 se
358 768 442 832 vasti
464 766 600 831 Proteus
624 765 706 850 tegit
731 765 821 830 obice
844 765 922 830 saxi.

188 862 242 926 hic
264 862 410 928 iuvenem
432 864 467 928 in
488 863 622 928 latebris
645 885 793 927 aversum
816 861 976 927 alumine
998 862 1145 946 nympha

190 958 339 1044 collocat,
361 959 432 1042 ipsa
455 961 567 1042 procul
588 959 715 1025 nebulis
739 960 875 1024 obscura
897 960 1029 1024 resistit.

190 1056 255 1119 iam
277 1056 408 1140 rapidus
431 1060 557 1120 torrens
581 1057 721 1121 sitientis
746 1054 850 1121 Sirius
872 1055 969 1120 Indos
1151 1073 1206 1120 415

191 1151 323 1215 ardebat
344 1153 445 1238 caelo,
468 1156 500 1216 et
522 1153 662 1217 medium
686 1153 735 1218 sol
757 1153 872 1238 igneus
896 1154 1006 1217 orbem
1282 1128 1283 1204 l

190 1248 355 1333 hauserat3
378 1249 510 1313 arebant
531 1249 663 1334 herbae,
686 1253 718 1315 et
741 1273 818 1314 cava
841 1249 974 1313 flumina
997 1250 1090 1314 siccis

186 1345 337 1409 faucibus
362 1346 402 1409 ad
423 1346 538 1410 limum
560 1347 643 1412 radii
666 1348 824 1432 tepefacta
847 1347 1039 1430 coquebant:

146 1521 150 1533 l
192 1463 264 1505 cnm
285 1440 427 1506 Proteus
445 1446 597 1508 consueta
619 1449 732 1528 petens
755 1467 771 1509 e
794 1444 945 1509 fiuctibus
970 1447 1063 1508 antra

192 1539 276 1623 ibat3
299 1561 371 1603 eum
393 1541 478 1604 vasti
501 1541 619 1604 circum
642 1561 721 1626 gens
743 1541 852 1606 umida
873 1541 965 1625 ponti
1153 1558 1208 1607 430

159 1642 162 1736 t
193 1636 340 1700 exultans
362 1659 468 1702 rorem
490 1638 555 1702 late
579 1638 729 1722 dispersit
753 1661 904 1702 amarum.

194 1736 341 1796 sternunt
364 1755 398 1797 se
421 1756 533 1798 somno
558 1735 700 1799 diversae
722 1735 757 1799 in
779 1735 875 1800 litore
898 1735 1031 1820 phocae3

192 1830 262 1913 ipse
284 1829 372 1895 velut
395 1831 515 1896 stabuli
538 1835 647 1895 custos
670 1831 705 1895 in
727 1831 892 1894 montibus
916 1831 1007 1915 olim,

193 1949 306 2010 vesper
328 1927 385 1991 ubi
408 1950 424 1992 e
447 1932 543 2011 pastu
565 1927 685 1992 vitulos
710 1926 749 1992 ad
771 1930 856 1991 tecta
878 1926 1015 2011 reducit,

194 2025 375 2107 auditisque
396 2024 491 2107 lupos
515 2027 634 2089 acuunt
655 2024 819 2088 balatibus
843 2025 933 2110 agni,
1153 2042 1207 2090 435

194 2121 331 2186 considit
354 2121 485 2204 scopulo
508 2121 631 2185 medius
653 2142 886 2204 numerumque
908 2126 1060 2185 recenset.

194 2220 284 2284 ouius
307 2217 455 2282 Aristaeo
480 2219 633 2302 quoniam
656 2222 705 2282 est
729 2217 838 2282 oblata
861 2217 1011 2303 facultas,

194 2316 248 2380 vix
271 2316 394 2380 defessa
417 2338 524 2380 senem
547 2338 661 2399 passus
685 2335 874 2398 componere
896 2315 1040 2378 membra

194 2436 267 2478 eum
289 2413 427 2476 clamore
449 2413 516 2476 ruit
538 2434 670 2497 magno,
692 2413 889 2495 manicisque
911 2411 1068 2475 iacentem

195 2513 337 2593 occupat.
382 2509 437 2573 ille
460 2531 536 2573 suae
559 2514 671 2575 contra
693 2532 760 2574 non
781 2509 949 2572 immemor
972 2507 1052 2570 artis
1154 2524 1207 2572 440

196 2608 302 2672 omnia
323 2608 535 2672 transformat
559 2629 628 2672 sese
651 2608 686 2671 in
707 2607 862 2687 miracula
883 2627 1004 2690 rerum,

195 2706 364 2790 ignemque
386 2704 637 2788 horribilemque
660 2704 760 2768 feram
783 2702 980 2785 fluviumque
1002 2701 1192 2784 liquentem.

195 2825 306 2866 verum
328 2799 385 2864 ubi
407 2802 497 2865 nulla
519 2802 630 2887 fugam
653 2801 772 2885 reperit
795 2798 934 2882 fallacia,
957 2797 1062 2861 1101110

195 2900 231 2963 in
253 2920 321 2962 0000
344 2898 427 2961 redit
450 2902 546 2982 atque
569 2897 709 2962 hominis
733 2896 863 2961 tandem
886 2916 941 2959 ore
964 2895 1092 2958 locutus

196 2998 283 3060 ‘nam
306 2995 378 3078 quis
402 2999 448 3080 te,
470 2995 622 3060 iuvenum
645 2993 929 3076 confidentissime,
950 2995 1080 3055 nostras
1155 3007 1208 3055 441

196 3093 292 3158 iussit
311 3091 397 3155 adire
416 3092 551 3156 domos?
580 3093 695 3175 quidve
712 3091 788 3156 hino
805 3087 924 3174 petisl'
946 3087 1062 3171 inquit.
1096 3091 1131 3151 at
1153 3087 1211 3150 ille

198 3190 285 3274 scis,
306 3187 441 3273 Proteu,
465 3190 526 3253 scis
544 3189 626 3272 ipse3
648 3211 752 3272 neque
771 3191 870 3252 astte
889 3185 999 3250 fallere
1018 3185 1192 3268 quiquam3

198 3289 253 3352 sed
275 3291 313 3350 tu
336 3284 444 3349 desine
466 3287 555 3350 velle.
601 3287 695 3349 deum
718 3287 887 3367 praecepta
910 3281 1011 3347 0001111

197 3383 352 3465 venimus,
378 3381 453 3445 111110
475 3381 569 3445 lassis
594 3381 775 3465 quaesitum
799 3380 926 3444 oracula
949 3378 1067 3443 rebus?

199 3482 326 3542 tantum
349 3477 473 3542 effatus.
520 3477 559 3541 ad
580 3478 658 3542 haec
681 3482 770 3542 vates
793 3477 826 3541 vi
850 3477 986 3560 denique
1007 3475 1112 3540 multa
1157 3491 1212 3540 400
