2530 3960
184 219 250 280 452
568 215 815 271 CATALEPTON.

229 379 374 462 fameque
397 378 528 463 genuini
551 377 704 462 crepant?

185 474 299 538 videbo
321 475 493 539 habentem
516 478 642 558 praeter
664 475 798 558 ignaros
820 472 903 535 nihil

230 572 346 636 fratres
369 577 401 636 et
424 573 543 636 iratum
565 572 674 635 Iovem

186 670 380 753 scissumque
403 674 546 732 ventrem
569 673 601 732 et
624 667 766 732 herniosi
787 667 895 749 pairui

230 766 324 848 pedes
348 765 452 829 inedia
475 764 627 850 turgidos

599 939 676 1006 XIV
694 939 777 1027 (VI)

187 1045 220 1110 Si
243 1047 323 1110 mihi
346 1051 528 1130 susceptum
550 1044 647 1110 fuerit
670 1045 834 1109 decurrere
858 1068 987 1132 munus,

230 1167 249 1208 o
272 1143 414 1228 Paphon,
438 1167 455 1207 0
476 1143 564 1208 sedes
588 1165 668 1227 quae
692 1143 769 1207 colis
792 1141 917 1228 Idalias,

188 1242 303 1305 Troius
322 1240 445 1304 Aeneas
469 1239 613 1304 Romana
635 1261 692 1324 per
715 1239 832 1323 oppida
856 1241 954 1325 digno

231 1339 295 1401 iam
318 1338 447 1400 tandem
469 1341 506 1400 ut
529 1342 635 1402 tecum
657 1337 795 1402 carmine
818 1342 929 1401 vectus
953 1343 1021 1402 eat:

186 1457 252 1498 non
276 1455 334 1518 ego
358 1439 429 1498 ture
452 1435 546 1498 modo
571 1438 627 1497 aut
650 1436 735 1517 picta
758 1437 814 1496 tua
837 1435 957 1517 templa
981 1435 1108 1499 tabella
1182 1455 1193 1498 o

230 1531 351 1596 ornabo
375 1535 407 1594 et
430 1533 519 1615 puris
542 1536 626 1595 serta
649 1532 749 1594 feram
771 1531 933 1616 manibus3

186 1629 332 1712 corniger
356 1666 397 1673 —
420 1627 506 1692 haud
529 1629 610 1692 eries
632 1628 773 1714 humilis,
796 1630 849 1693 sed
872 1630 1014 1693 maxima
1040 1635 1153 1695 taurus

230 1726 359 1788 victima
383 1730 505 1789 sacrato
530 1730 658 1809 sparget
681 1726 802 1789 honore
825 1727 923 1812 focos,

187 1843 444 1905 marmoreosque
468 1822 539 1906 tibi,
561 1827 610 1886 sei
632 1823 719 1886 mille
743 1823 904 1887 coloribus
928 1823 994 1886 ales

230 1920 264 1982 in
286 1940 407 1982 morem
431 1919 517 2001 picta
540 1919 640 1982 stabit
662 1918 764 1983 Amor
786 1919 945 2002 pharetra.
1168 1941 1194 1988 10

186 2015 278 2100 adsis,
302 2037 320 2078 o
345 2013 514 2098 Cytherea:
540 2019 614 2078 tuus
638 2020 669 2079 te
693 2013 809 2080 Caesar
834 2015 973 2102 Olympo

230 2117 261 2175 et
286 2110 465 2176 Surrentini
488 2113 594 2176 litoris
617 2135 671 2176 ara
694 2117 794 2176 vocat.
