2580 3962
174 243 239 298 VIII
474 245 522 298 DII
541 244 629 298 VITA
647 245 693 298 ET
714 243 870 299 SCRIPTIS

174 405 229 488 qui
257 405 382 468 Maroni
411 405 496 489 patri
525 406 566 469 ob
594 405 786 468 industriam
808 412 840 470 et
863 407 1058 490 probitatem
1081 407 1186 471 filiam

174 502 208 565 in
235 502 475 566 matrimonium
499 499 670 589 dederatl).
707 502 941 589 prodigiorum,
971 503 1087 588 quibus
1112 525 1183 568 nas-

174 599 274 662 centis
304 603 416 683 poetae
439 599 500 663 flos
525 621 560 662 ac
583 598 686 663 virtus
710 599 850 664 indicata
872 599 971 664 fuisse
993 600 1109 684 fertur,
1138 601 1184 664 in·

175 695 277 778 eptias
295 693 494 782 mittimus2).
529 696 583 760 sed
602 695 709 759 subito
729 700 824 778 partu
844 696 947 760 editus
962 718 1030 760 esse
1044 697 1184 760 traditur

175 791 209 853 in
227 790 329 876 fossa„
347 793 422 856 dum
440 797 543 856 mater
562 814 634 856 cum
652 792 767 856 marito
786 815 841 856 rus
861 793 1077 876 propinquum
1098 797 1185 876 pete-

174 886 272 974 bat3).
309 890 399 953 tenui
427 889 566 972 primum
593 889 745 954 facultate
772 889 963 977 nutritum4)
988 912 1062 953 mox
1090 895 1186 954 aucta

174 1007 231 1069 per
249 985 441 1050 industriam
463 983 602 1072 recula⁵)
623 982 813 1050 Cremonam
835 991 927 1070 pater
947 987 1112 1050 duodecim
1131 1009 1186 1050 an-

173 1104 289 1146 norum
316 1105 450 1166 puerum
482 1104 564 1147 anno
594 1083 657 1146 696
687 1082 830 1166 deduxit,
863 1083 919 1146 ubi
947 1083 974 1146 is
1002 1083 1185 1146 litterarum

175 1181 340 1245 elementis
369 1177 621 1266 instrueretur⁶).
657 1179 720 1243 suit
749 1177 905 1243 Cremona
932 1179 1005 1243 inde
1033 1179 1073 1242 ab
1100 1201 1185 1242 anno

176 1276 316 1361 saurais
332 1275 457 1342 colonia
470 1275 594 1360 Latina,
612 1277 697 1340 facta
716 1276 827 1340 deinde
842 1277 914 1362 Iege
927 1275 1009 1340 Iulia
1023 1300 1049 1340 a.
1065 1274 1187 1360 samso

175 1373 397 1458 municipium,
428 1377 466 1437 ut
495 1395 571 1456 praa
601 1373 672 1436 aliis
699 1371 834 1456 puerilia
862 1373 976 1438 saltam
1002 1373 1186 1436 litterarum

176 1471 282 1534 studia
309 1470 445 1534 coluisse
468 1469 538 1534 iure
561 1469 771 1534 existimetur.
809 1473 938 1553 sumpta
965 1470 1076 1534 deinde
1099 1491 1187 1534 anno

177 1565 294 1644 sessos
318 1565 433 1630 aetatis
456 1587 532 1630 suae
550 1565 612 1629 XV
630 1570 740 1630 exacto
764 1566 864 1630 isdem
887 1565 952 1630 illis
976 1567 1094 1630 iterum
1112 1588 1186 1630 oon-

176 1741 200 1774 v.
218 1727 258 1776 11.
294 1722 381 1790 ‘patre
400 1723 517 1792 Veryiiio
536 1722 632 1792 (ficato
651 1721 737 1790 Par),
756 1729 842 1776 matre
860 1723 963 1792 Μαρία
980 1723 1050 1789 fait’
1072 1721 1185 1776 Servius

176 1793 205 1846 in
224 1793 292 1845 vita.

250 1863 268 1932 ¹)
287 1863 412 1916 Donatus
431 1861 564 1914 laudatus
582 1859 612 1914 in
631 1861 693 1915 adn.
710 1867 734 1916 3,
754 1879 781 1932 p.
791 1861 849 1916 VII.
877 1862 964 1932 ‘qaam
981 1879 1099 1916 socerum
1119 1879 1185 1931 pro-

176 1935 246 1988 bitas
263 1934 400 2000 scottiam
419 1933 495 1986 clara
514 1931 640 1986 Maroai’
661 1931 769 1985 Phocas
788 1950 813 1986 v.
835 1937 876 1986 12.

250 2003 270 2072 ²)
287 2005 452 2072 ‘praecimus
466 2019 495 2056 eo
509 2009 595 2056 mater
607 2003 753 2057 sommiaair
767 2005 877 2058 emisam
890 2019 917 2057 sc
932 2003 1055 2057 romeam
1067 2020 1185 2070 ramam,

176 2092 253 2144 amem
270 2080 395 2128 contacta
413 2079 501 2128 terrac
518 2075 649 2127 coaluisse
668 2079 693 2128 et
711 2075 855 2128 excrevisse
873 2074 936 2127 iiico
955 2074 1113 2142 inspeciem
1126 2091 1183 2128 ma·

176 2153 253 2200 rarae
272 2146 379 2200 arboris
397 2145 561 2212 refertaeque
578 2145 664 2198 acriis
678 2146 768 2212 pomis
786 2150 811 2198 ei
828 2145 941 2212 fioribus
960 2186 1071 2198 .......
1090 2145 1185 2210 forami

176 2217 309 2283 msamtem
331 2221 363 2269 at
384 2215 421 2268 sit
443 2215 531 2268 editas
552 2230 637 2283 aecae
658 2215 763 2284 cauisse
785 2220 809 2268 ei
832 2215 898 2268 adeo
916 2215 978 2268 miti
994 2215 1073 2269 salim
1089 2215 1185 2282 faisse,

176 2294 207 2341 at
231 2287 307 2341 head
332 2286 443 2340 dubiam
468 2299 541 2352 spem
562 2286 744 2352 prosperioris
768 2285 909 2354 yemitmrae
934 2286 991 2338 iam
1015 2291 1073 2338 tam
1098 2285 1183 2339 daret.
1259 2308 1263 2315 ¹

176 2359 287 2412 accessit
304 2357 383 2410 aiiad
392 2355 576 2424 praecariam,
595 2355 741 2423 siquidem
758 2356 836 2424 cirac
847 2357 967 2423 populea
980 2371 1052 2410 more
1064 2356 1186 2425 reqiomis

176 2430 207 2482 im
221 2427 376 2497 puerperiis
394 2426 489 2480 eodem,
500 2426 593 2478 statim
607 2426 662 2479 Ioco
676 2426 790 2493 depacta
803 2426 844 2478 iia
859 2427 931 2480 brem
944 2426 1046 2480 eaaiait
1059 2431 1185 2494 tempore,

176 2505 207 2552 at
224 2499 307 2552 maiia
326 2502 390 2551 arcte
407 2501 481 2549 scias
495 2496 612 2563 populos
634 2495 852 2564 adaequarisset;
875 2513 943 2565 qaae
966 2497 1048 2550 arbor
1070 2496 1186 2566 Veryiiii

176 2587 209 2623 erc
233 2584 263 2623 eo
286 2569 360 2622 dicta
383 2573 462 2635 atque
484 2567 566 2619 etiam
589 2572 744 2620 consecrata
766 2572 804 2620 esi
826 2583 931 2620 sasima
953 2567 1131 2637 macidaram
1151 2584 1186 2621 ac

176 2643 294 2707 setarum
306 2639 436 2708 reiiqiorie
450 2642 475 2690 et
488 2637 692 2704 suscipientium
705 2637 745 2690 ibi
758 2643 783 2690 et
795 2637 954 2690 solventium
967 2638 1039 2692 oota'
1055 2637 1184 2690 Donatus

175 2729 202 2780 p.
218 2714 260 2764 65.
287 2723 358 2776 quae
376 2706 504 2761 versibus
523 2706 668 2760 exornavit
687 2706 819 2773 auxitque
842 2705 949 2760 Phocus
970 2710 1082 2760 13-38.
1112 2723 1182 2760 som-

175 2781 254 2834 nium
267 2777 365 2832 matris
380 2775 573 2846 Philargyrius
588 2792 697 2844 quoque
713 2779 742 2830 st
755 2775 908 2830 scholiasta
917 2776 1064 2830 Bernensis
1080 2777 1117 2830 ad
1131 2777 1183 2832 eol.

176 2852 214 2905 III
226 2857 259 2904 62
274 2850 402 2918 tangunt.
430 2850 553 2901 cetarum
568 2846 601 2901 of.
613 2845 833 2901 Reifferscheidii
848 2851 968 2915 quaestt.
980 2848 1110 2902 Suetonii.
1122 2854 1181 2902 404.

249 2920 268 2990 ⁸)
289 2920 333 2974 ‘aa
346 2919 475 2988 seqacrrti'
491 2917 649 2988 (somnium)
665 2917 733 2972 ‘iace
751 2935 812 2972 cam
829 2920 928 2973 marito
941 2935 990 2974 ras
999 2920 1184 2988 proqimqaam

172 3001 265 3064 petam
283 3008 317 3046 ea
334 2991 431 3044 itimere
444 2990 555 3044 devertit
574 2995 653 3072 atace
671 2989 703 3042 iri
715 2989 834 3042 subiecta
847 2990 921 3056 fossa
931 2998 1017 3059 parta
1031 2990 1119 3043 lerata
1133 2991 1183 3043 est'

175 3099 302 3200 Donatus
311 3095 357 3152 l.l.
364 3096 470 3177 ¹(leuata
479 3093 562 3162 Sang.
573 3078 849 3148 IadataPIthoeanus.
866 3093 1184 3164 IeaiaiaBer·n.Regin.).

249 3171 270 3309 ⁶3
288 3166 632 3308 Credididqeriiasmdiidmtiae
650 3235 726 3314 silvis
742 3235 889 3290 coemendis
902 3241 927 3288 et
941 3235 1039 3304 amics
1053 3237 1185 3288 amasiis

176 3312 285 3366 amisisse
302 3307 431 3364 recalcia’
452 3307 572 3376 (patrem
590 3304 784 3373 tradiderunt).
813 3305 939 3358 Donatus
958 3323 984 3373 p.
1001 3310 1042 3372 54,
1064 3309 1103 3357 10.

248 3380 269 3449 Β)
285 3379 435 3450 ‘Veryiiims
451 3377 594 3432 Cremonae
607 3377 706 3430 stadiis
720 3375 853 3430 eradiimr'
870 3377 905 3444 (a.
921 3378 983 3444 696)
997 3375 1185 3443 Hieronymus

177 3451 219 3506 01.
236 3456 294 3517 180,
310 3455 334 3504 3.
364 3449 459 3502 ‘irritis
477 3447 575 3502 aetatis
591 3445 735 3500 Cremomae
749 3447 801 3516 caii
815 3462 897 3514 usqae
912 3447 949 3499 ad
962 3446 1067 3500 virilem
1082 3447 1182 3516 toyam'

177 3522 302 3574 Donatus
321 3539 348 3590 p.
364 3524 404 3586 55,
426 3523 466 3571 13.

488 3814 730 3924 A
