2574 3964
310 1017 350 1092 P.
374 1017 572 1090 VERGILI
598 1017 811 1091 MARONIS

219 1191 909 1278 GEORGIOON

390 1365 732 1444 imnacharius

76 1510 110 1574 Te
131 1533 270 1596 quoqne,
291 1531 410 1594 magna
431 1509 538 1593 Pales,
560 1514 593 1574 et
615 1514 648 1573 tc
670 1510 875 1574 memorande
896 1531 1046 1574 canemus
1138 1504 1141 1547 ²

76 1613 171 1689 pastor
193 1607 234 1671 ab
258 1607 459 1691 Amphryso,
480 1628 553 1691 voa,
576 1605 676 1670 silvae
699 1628 871 1690 amnesque
892 1606 1016 1690 Lycaei.
1137 1598 1140 1679 Ξ

73 1709 164 1768 cetera
186 1726 270 1788 quae
292 1725 408 1766 vacuas
430 1703 611 1766 tenuissent
633 1703 772 1766 carmine
793 1707 931 1788 mentes,

73 1802 168 1865 omnia
189 1802 256 1864 iam
277 1801 423 1885 volgata:
446 1801 518 1883 quis
542 1804 599 1863 aut
620 1799 805 1882 Eurysthea
827 1800 942 1862 durum
1133 1822 1136 1831 ·

72 1903 118 1962 aut
137 1897 294 1962 inlaudati
316 1897 420 1960 nescit
441 1894 601 1960 Busiridis
624 1897 718 1960 ares?
1050 1917 1066 1962 5
1130 1916 1133 1943 ¹

72 1997 138 2080 quoi
158 2017 225 2060 non
247 1996 352 2058 dictus
375 1993 479 2078 Hylas
501 2016 581 2078 puer
604 1998 636 2058 et
658 1993 796 2058 Latonia
817 1993 916 2058 Delos

71 2091 325 2176 Hippodameque
347 2113 522 2175 umeroque
543 2090 660 2174 Pelops
683 2092 820 2175 insignis
843 2092 979 2176 ebnmo‚

73 2212 133 2254 acer
150 2190 263 2274 equis?
285 2189 473 2272 temptanda
495 2189 595 2274 viaet,
617 2210 680 2271 qna
702 2211 754 2251 me
772 2210 900 2272 quoque
921 2191 1045 2273 possim
1153 2223 1168 2238 .-

72 2288 171 2351 tollere
192 2287 293 2350 humo
316 2286 483 2368 victorque
504 2286 610 2349 virum
632 2286 769 2349 volitare
789 2307 847 2372 per
870 2299 962 2350 orest<

72 2385 183 2466 primus
202 2405 262 2468 ego
280 2384 318 2446 in
334 2383 474 2466 patriam
486 2369 629 2467 mecum,
652 2384 747 2447 modo
766 2373 835 2447 vita
854 2385 1007 2468 supersit,
1034 2403 1067 2450 lo
1128 2437 1131 2447 .

72 2481 165 2546 Aonio
187 2481 314 2545 rediens
337 2480 489 2543 deducam
511 2481 630 2544 vertice
652 2481 776 2565 Musas3

72 2579 182 2660 primus
204 2577 372 2642 Idumaeas
394 2578 530 2642 referam
553 2577 629 2663 tibi,
650 2578 798 2662 Mantua,
820 2578 960 2663 palmae,

73 2680 98 2738 et
117 2676 209 2740 viridi
231 2676 267 2738 in
289 2697 402 2758 campo
423 2675 581 2757 templum
603 2676 642 2739 de
663 2697 822 2739 marmore
844 2697 961 2758 ponam

72 2777 191 2856 propter
213 2795 345 2858 aquam,
366 2771 468 2836 tardis
490 2774 604 2857 ingens
626 2773 684 2837 ubi
706 2771 843 2835 flexibus
866 2777 952 2836 errat
1131 2836 1133 2845 .

72 2867 196 2934 Mincius
220 2874 253 2934 et
275 2874 388 2933 tenera
411 2869 570 2952 praetexit
590 2867 769 2932 harundine
790 2869 886 2952 ripas.
1035 2889 1067 2936 15

72 2965 221 3032 inmedio
243 2967 326 3030 mihi
348 2963 466 3030 Caesar
489 2967 550 3030 erit
572 2966 792 3049 templumque
813 2967 950 3031 tenebit:

72 3061 112 3127 illi
132 3065 233 3129 victor
258 3085 319 3148 ego
343 3069 375 3127 et
398 3064 496 3147 Tyrio
519 3068 708 3148 conspectus
731 3064 766 3126 in
788 3068 877 3128 ostro

72 3164 187 3226 centnm
210 3161 418 3244 quadriiugos
442 3160 572 3245 agitabo
595 3162 635 3224 ad
657 3161 791 3224 flumina
813 3182 933 3227 currus.

71 3264 172 3324 cuncta
193 3259 275 3323 mihi
297 3257 460 3341 Alpheum
483 3257 632 3342 linquens
656 3260 810 3342 lucosque
832 3258 990 3324 Molorchi

71 3357 204 3421 cursibus
229 3361 261 3420 et
284 3356 381 3420 crudo
404 3356 550 3419 decernet
574 3354 706 3420 Graecia
728 3359 845 3420 caestu.
1034 3376 1068 3424 20

71 3449 130 3534 ipse
151 3458 246 3537 capnt
269 3457 382 3532 tonsae
404 3452 493 3516 foliis
516 3457 649 3516 ornatus
673 3453 775 3516 olivae

70 3545 143 3614 dona
163 3551 272 3614 feram.
317 3550 383 3612 iam
404 3570 490 3612 nunc
513 3549 678 3614 sollemnis
701 3551 814 3613 ducere
836 3571 970 3633 pompas
