2580 3962
176 244 242 298 VIII
477 245 525 298 nn
544 244 632 298 VITA
650 245 697 298 ΕΤ
717 243 874 300 scatens

177 405 232 488 qui
260 405 385 469 Maroni
415 406 499 490 patri
528 406 569 470 ob
597 405 789 469 industriam
812 411 844 470 et
866 407 1062 490 probitatem
1085 408 1193 471 filiam

177 503 211 566 in
238 503 478 566 matrimonium
503 500 673 590 dederat1).
711 503 944 589 prodigiorum,
974 503 1091 588 quibus
1118 525 1190 569 nas-

177 599 277 662 centis
307 604 420 684 poetae
443 600 503 664 flos
528 621 564 663 ac
586 599 690 664 virtus
714 599 853 663 indicata
875 599 974 665 fuisse
996 600 1114 684 fertur,
1145 602 1190 664 in-

178 695 280 778 eptias
298 696 457 760 mittimus
464 694 498 782 2).
532 696 586 760 sed
605 695 712 759 subito
732 701 828 778 partu
847 697 950 760 editus
965 718 1034 760 esse
1048 697 1190 760 tradItur

178 791 212 854 in
230 790 326 876 fossa,
350 793 425 856 dum
443 797 546 857 mator
565 814 637 856 cum
655 793 771 856 marito
790 815 845 858 rus
864 793 1082 876 propinquum
1103 797 1191 876 pete-

178 887 275 975 bat3).
312 891 402 954 tenui
430 889 569 973 primum
596 889 748 954 facultate
775 888 967 977 nutritum4)
991 912 1065 953 mox
1095 894 1192 953 aucta

177 1008 234 1070 per
252 986 444 1050 industriam
466 983 605 1072 recula⁵)
626 983 817 1050 Cremonam
839 991 931 1070 pater
950 987 1118 1050 duodecim
1138 1009 1191 1050 an-

177 1105 292 1147 norum
319 1105 453 1166 puerum
485 1105 568 1147 anno
597 1083 661 1147 696
691 1083 834 1166 deduxit,
866 1083 923 1146 ubi
951 1083 978 1147 is
1005 1083 1191 1147 litterarum

178 1181 343 1245 elementis
372 1177 624 1266 instrueretur-⁶).
661 1180 724 1243 fuit
752 1177 909 1244 Cremona
936 1179 1008 1242 inde
1037 1179 1077 1242 ab
1104 1201 1191 1242 anno
1279 1247 1280 1254 χ

178 1276 320 1361 536s218
335 1276 460 1342 colonia
474 1275 598 1361 Latina,
616 1277 700 1340 facta
719 1276 830 1340 deinde
845 1277 917 1362 lege
930 1275 1012 1340 Iulia
1027 1300 1052 1340 a.
1068 1274 1192 1360 conec

178 1373 400 1458 municipium,
432 1378 469 1438 ut
498 1395 574 1457 prae
605 1373 675 1438 ediis
702 1373 838 1456 puerilia
866 1373 979 1438 saltem
1005 1372 1191 1436 litterarum
1279 1413 1280 1422 κ

179 1471 285 1535 studia
313 1470 449 1535 coluisse
472 1470 541 1534 iure
565 1469 774 1534 existimetur.
812 1473 941 1553 sumpta
969 1469 1080 1533 deinde
1104 1491 1192 1534 anno
1279 1541 1280 1546 γ

180 1565 298 1642 699955
322 1567 436 1630 aetatis
460 1588 535 1630 suae
553 1565 615 1630 XV
634 1571 743 1630 exacto
767 1567 868 1630 isdem
891 1565 956 1630 illis
979 1566 1099 1630 iterum
1118 1589 1191 1631 con·
1279 1609 1280 1644 3

180 1742 204 1804 y.
221 1729 270 1846 11t
296 1702 384 1792 ‘putre
404 1724 520 1792 Veruitio
540 1723 636 1792 (fiunto
654 1721 740 1790 Pan),
759 1729 845 1777 matre
864 1723 966 1792 Μαρία
983 1722 1054 1789 fuit’
1076 1721 1191 1776 Servius
1279 1739 1280 1742 ¹

180 1812 209 1846 m
228 1810 295 1846 v1a.

253 1864 272 1932 ¹)
290 1864 416 1916 Donatus
434 1861 567 1914 laudatus
586 1860 616 1914 in
634 1861 697 1915 adn.
713 1867 737 1915 3.
757 1879 784 1931 p.
794 1861 853 1916 VII.
880 1861 967 1931 ‘quem
984 1879 1105 1916 socerum
1124 1880 1191 1932 pro-
1279 1903 1280 1939 3

180 1937 249 1988 bitus
267 1935 331 2001 feeit
347 1935 404 1987 iam
422 1933 499 1986 ctera
517 1931 643 1986 Muroni’
664 1931 773 1985 Phocas
791 1949 817 1986 v.
838 1937 879 1986 12.

254 2004 273 2073 ³)
290 2006 456 2073 ‘praefluens
469 2019 498 2056 eo
512 2009 598 2056 meter
611 2003 757 2056 somniauit
770 2004 881 2057 enimam
894 2018 920 2056 se
935 2003 1059 2057 laureum
1071 2021 1192 2071 romum,

180 2093 256 2145 quem
274 2081 399 2130 contactu
417 2080 504 2128 terrae
522 2074 653 2127 coaluisse
671 2079 696 2128 et
714 2074 859 2126 accrevisse
876 2073 940 2127 iiico
958 2074 1119 2141 inspeciem
1132 2091 1190 2129 ma-

180 2153 257 2201 turae
275 2146 382 2200 arboris
400 2145 564 2213 refertaeque
581 2144 667 2197 uariis
682 2145 815 2211 nominet
831 2145 945 2212 fioribus
964 2186 1075 2198 .......
1095 2146 1191 2210 ferunt
1279 2209 1280 2212 Ἴ

179 2217 312 2283 infantem
335 2222 366 2270 ut
388 2214 424 2268 sit
446 2215 535 2268 editus
556 2230 640 2282 neque
661 2214 766 2283 coense
788 2219 813 2268 et
836 2215 902 2268 adeo
920 2215 982 2268 miti
998 2215 1078 2268 onitu
1094 2215 1192 2282 fuisse,

180 2294 211 2342 ut
235 2287 310 2342 houd
335 2286 447 2340 dubiam
471 2300 544 2353 spem
566 2285 747 2352 prosperioris
771 2285 913 2354 oenituroe
937 2285 994 2338 iom
1018 2290 1078 2338 tum
1103 2286 1190 2340 daret.
1253 2305 1257 2312 ’

180 2358 290 2412 occessit
308 2357 386 2411 eliud
396 2355 580 2425 proesooimn,
599 2355 624 2408 si
637 2355 744 2423 quidem
761 2355 840 2423 uiroc
851 2356 971 2422 populea
983 2371 1056 2410 more
1068 2357 1193 2426 racionis

180 2431 211 2482 in
225 2428 380 2498 puerperiis
397 2427 487 2480 ecdem
504 2426 596 2478 statim
611 2426 666 2480 Ioco
679 2426 794 2493 depacto
807 2425 848 2478 itu
862 2426 935 2479 breui
948 2426 1050 2480 euoluit
1063 2431 1191 2494 tempore,
1279 2437 1280 2440 ’

179 2506 211 2553 ut
228 2499 311 2559 mutto
330 2503 393 2552 ante
410 2501 485 2550 rotas
499 2497 616 2564 populos
638 2495 856 2564 adaequerisset;
878 2513 947 2564 quoe
970 2497 1052 2550 arbor
1074 2496 1192 2566 Verqitii

180 2587 213 2623 en
237 2585 266 2623 ec
289 2569 364 2622 dictu
387 2573 465 2635 atque
488 2567 570 2620 etium
592 2572 748 2620 consecrata
770 2572 808 2620 est
830 2582 936 2620 summa
957 2567 1137 2636 cruciatorum
1158 2585 1193 2622 oe
1279 2603 1280 2609 κ

179 2642 298 2707 fetorum
310 2639 440 2708 reiiyione
454 2643 479 2690 et
491 2637 695 2704 suscipientium
708 2637 749 2690 ibi
761 2643 786 2690 et
799 2637 958 2690 soluentium
971 2637 1043 2691 ooto'
1059 2636 1190 2690 Donatus

179 2729 206 2781 p.
222 2714 264 2764 55.
291 2724 362 2776 quoe
380 2706 507 2762 versibus
527 2706 672 2760 exornavit
690 2706 823 2773 auxitque
846 2705 1086 2761 Phocas13-38.
1117 2725 1189 2760 rom·
1279 2739 1280 2746 ι

179 2781 257 2834 nium
270 2778 369 2832 matris
384 2776 576 2847 Philargyrius
591 2793 701 2845 quoquc
716 2779 745 2830 et
759 2775 912 2831 scholiasta
921 2776 1068 2830 Bernensis
1084 2778 1122 2830 ad
1137 2777 1189 2832 ecl.
1279 2819 1280 2822 η

179 2852 218 2905 III
230 2857 263 2905 62
278 2851 406 2918 tangunt.
434 2851 556 2902 ceterum
571 2847 604 2901 cf.
616 2845 837 2900 Reifferscheidii
852 2851 972 2915 quaestt.
983 2847 1116 2902 Suetonn.
1128 2855 1187 2902 404.

253 2921 272 2991 ’)
293 2921 336 2975 ‘oe
350 2919 478 2988 sequenti'
495 2917 652 2987 (somnium)
668 2917 737 2972 ‘tuce
755 2935 816 2972 cum
833 2920 931 2974 morito
945 2935 993 2974 rus
1003 2920 1190 2989 proqinquum
1279 2941 1280 2948 ¹

176 3001 269 3064 petens
287 3009 321 3046 en
338 2992 434 3045 itinere
448 2991 559 3044 devertit
577 2985 657 3072 utque
675 2990 706 3042 in
719 2990 838 3043 subiecto
851 2991 925 3056 fosso
935 2997 1021 3059 nonu
1035 2989 1125 3044 leonte
1139 2991 1189 3044 est'
1279 3017 1280 3036 i

180 3099 305 3152 Donatus
315 3095 333 3151 I.
342 3094 360 3150 I.
371 3096 473 3163 (teneto
483 3093 566 3162 Sang.
577 3078 853 3149 ledutePIthoeauus.
870 3095 972 3148 terrimo
979 3093 1059 3147 Bcrn.
1068 3093 1190 3165 Regin).
1279 3087 1280 3104 ¹

253 3169 273 3236 ⁴)
292 3165 376 3220 Probi
393 3165 479 3219 verba
498 3167 570 3218 suut.
712 3235 717 3246 ⁶

253 3240 273 3309 ¹⁵)
294 3238 455 3310 ‘eoreyieque
468 3236 636 3290 substantioe
653 3235 730 3302 siloes
746 3235 893 3290 coemendis
906 3241 931 3289 et
945 3235 1042 3303 opttus
1056 3237 1190 3290 emund-is
1279 3290 1280 3296 χ

180 3311 289 3366 nunisse
306 3307 434 3364 reeutum’
456 3307 576 3375 (patrem
593 3304 788 3374 tradiderunt).
816 3306 943 3358 Donatus
961 3323 988 3373 p.
1004 3309 1046 3372 54,
1068 3310 1109 3358 10.
1279 3309 1280 3324 ³

252 3379 273 3449 6)
289 3378 439 3450 ‘Verqitius
455 3377 598 3431 Cremonae
611 3377 710 3430 studiis
723 3376 857 3431 eruditur’
874 3377 909 3445 (a.
925 3378 987 3444 696)
1000 3375 1190 3444 HIeronymus

181 3451 223 3507 OI.
239 3457 298 3518 180,
313 3455 337 3505 3.
368 3449 463 3502 ‘initia
481 3447 579 3501 aetatis
595 3445 738 3501 Oremonoe
752 3448 805 3517 ecit
819 3463 901 3516 usque
916 3448 952 3500 ud
965 3447 1071 3500 viritem
1086 3448 1187 3518 toyam'

180 3523 306 3577 Donatus
324 3540 351 3592 p.
368 3524 408 3586 55,
430 3523 470 3571 13.
