2574 3964
191 245 233 308 92
471 242 621 300 VERGILI
640 243 853 299 GEORGICON
871 245 924 298 Illl

190 406 387 490 prospiciens
411 427 535 470 summa
558 406 676 470 flavom
699 411 794 490 caput
817 407 934 470 extulit
955 407 1055 491 unda,

192 507 224 566 et
247 503 374 587 procul:
397 504 428 567 ‘0
452 503 574 587 gemitu
596 524 663 567 non
685 504 807 567 frustra
830 504 982 568 exterrita
1005 507 1115 588 tant0,

192 598 314 684 Cyrene
337 622 443 684 soror,
465 601 534 683 ipse
557 600 632 684 tibi,
654 603 711 663 tua
733 599 873 662 maxima
895 621 983 684 cura,

190 698 295 762 tristis
318 696 486 762 Aristaeus
509 697 606 762 Penei
628 697 784 782 genitoris
809 697 849 760 ad
871 697 988 760 undam
1152 716 1204 763 311
1273 703 1275 720 “

192 799 257 859 stat
279 795 464 880 lacrimans,
486 799 518 859 et
540 799 574 859 11
596 793 754 858 crudelem
775 794 904 858 nomine
928 793 1024 858 dicit?

189 892 266 956 huic
288 914 439 976 percussa
461 914 545 956 nova
566 895 706 956 mentem
728 889 898 954 formidine
921 894 1023 954 mater

191 989 277 1074 ‘duc‚
300 1009 372 1074 age,
394 987 454 1050 duc
477 987 517 1050 ad
538 1008 614 1070 nos3
636 987 685 1050 fas
708 987 758 1050 illi
781 987 893 1050 limina
916 987 1024 1052 divom

190 1086 333 1170 tangere'
357 1085 411 1149 ait.
457 1084 554 1149 simul
576 1083 642 1147 alta
665 1083 755 1147 iubet
778 1083 936 1148 discedere
954 1083 1024 1147 late

191 1183 336 1268 flumina,
359 1204 422 1266 qua
443 1181 567 1246 iuvenis
591 1201 721 1264 gressus
744 1180 885 1244 inferret.
932 1184 965 1244 at
988 1180 1082 1244 illum
1152 1201 1207 1248 360

191 1284 322 1345 curvata
344 1279 379 1343 in
400 1279 520 1343 montis
543 1279 657 1341 faeiem
679 1278 890 1342 circumstetit
912 1278 997 1341 unda
1276 1267 1277 1272 ἵ

192 1378 375 1461 accepitque
398 1377 471 1439 sinu
493 1379 586 1440 vasto
609 1375 762 1458 misitque
786 1375 846 1439 sub
870 1397 1002 1439 amnem.

191 1476 318 1558 iamque
341 1474 470 1539 domum
491 1473 612 1536 mirans
636 1472 807 1557 genetricis
831 1476 863 1536 et
885 1472 994 1536 umida
1015 1494 1118 1558 regna

193 1570 413 1656 speluncisque
436 1569 524 1632 lacus
548 1569 673 1633 clausos
695 1569 849 1652 lucosque
872 1569 1018 1633 sonantis

191 1669 274 1752 ibat,
297 1670 329 1732 et
351 1667 476 1750 ingenti
498 1670 590 1729 motu
613 1666 811 1750 stupefactus
835 1688 990 1749 aquarum
1152 1687 1207 1736 365
1277 1665 1278 1670 ¹

193 1765 300 1829 omnia
322 1763 382 1828 sub
405 1784 522 1847 magna
545 1763 687 1827 labentia
709 1762 843 1826 fiumina
866 1767 952 1826 terra

155 1877 163 1983 p
193 1861 357 1946 spectabat
381 1861 506 1923 diversa
527 1861 622 1944 locis,
643 1859 837 1943 Phasimque
859 1859 1043 1944 Lycumque

159 2004 163 2041 Ι
193 1965 224 2025 11
247 1961 357 2044 caput,
378 1957 461 2020 unde
485 1958 569 2021 altus
593 1957 732 2040 primum
756 1979 789 2021 se
812 1957 950 2040 erumpit
972 1957 1121 2040 Enipeus

171 2031 389 2152 lsaxosusque
412 2076 529 2118 sonans
552 2053 700 2137 Hypanis
723 2053 899 2138 Mysusque
922 2051 1054 2139 Caicus,
1152 2074 1209 2122 370
1278 2049 1279 2092 l

107 2145 138 2202 t
191 2155 274 2218 unde
297 2157 388 2236 pater
410 2151 595 2236 Tiberinus,
618 2156 650 2215 et
673 2151 756 2214 unde
779 2151 904 2214 Aniena
926 2150 1048 2214 fluenta
1152 2171 1208 2219 369

161 2309 167 2320 .
192 2257 224 2316 11
247 2250 373 2336 gemina
397 2251 528 2311 auratus
551 2249 681 2311 taurino
704 2268 823 2313 cornua
844 2247 937 2310 voltu

191 2335 369 2432 Eridanus,
392 2366 456 2429 quo
478 2365 545 2408 non
568 2345 650 2409 alius
673 2367 730 2427 per
752 2344 886 2428 pinguia
909 2343 995 2409 culta

164 2448 225 2540 Ι111
246 2465 334 2509 mare
356 2463 554 2526 purpureum
575 2441 748 2506 violentior
771 2440 875 2504 effluit
898 2442 1008 2505 amnis.

190 2548 363 2627 postquam
386 2543 435 2606 est
457 2539 493 2602 in
514 2537 649 2602 thalami
671 2537 842 2621 pendentia
864 2538 988 2622 pumice
1011 2542 1099 2603 tecta

190 2641 379 2722 perventum
402 2639 434 2701 et
455 2634 526 2698 nati
549 2633 643 2698 fletus
667 2635 819 2719 cognovit
842 2635 947 2699 inanis
1152 2656 1210 2706 aas

192 2734 328 2819 Cyrene,
349 2732 499 2796 manibus
521 2730 662 2814 liquidos
686 2732 763 2796 dant
787 2733 897 2796 ordine
919 2732 1019 2796 fontis

191 2853 359 2918 germanae
381 2830 549 2913 tonsisque
572 2829 680 2892 ferunt
702 2829 855 2892 mantelia
877 2829 976 2913 villis3

190 2951 265 3014 pars
288 2928 391 3011 epulis
415 2930 549 2990 onerant
572 2947 699 2990 mensas
722 2929 754 2991 11
777 2925 872 3008 plena
893 2930 1054 3008 reponunt

190 3025 318 3109 pocula3
340 3021 514 3087 Panchaeis
538 3021 724 3086 adolescunt
747 3023 878 3106 ignibus
902 3043 987 3106 arae3

191 3128 224 3187 et
246 3125 349 3185 mater
373 3121 460 3203 ‘cape
483 3118 624 3182 Maeonii
647 3119 808 3184 carchesia
829 3119 959 3184 Bacchi:
1152 3140 1212 3190 380

191 3219 315 3284 Oceano
339 3217 486 3281 libemus'
502 3216 565 3282 ait.
612 3215 709 3280 simul
731 3217 802 3299 ipsa
824 3219 972 3299 precatur

192 3315 416 3396 Oceanumque
438 3317 563 3396 patrem
585 3333 692 3376 rerum
713 3312 936 3396 nymphasque
959 3334 1103 3400 sorores,

192 3415 320 3476 centum
345 3431 425 3492 quae
449 3410 563 3493 silvas,
585 3413 712 3472 centum
736 3431 816 3492 quae
839 3408 973 3472 flumina
997 3416 1137 3476 servant.

191 3514 241 3572 ter
263 3505 387 3589 liquido
411 3505 573 3568 ardentem
596 3505 758 3587 perfundit
780 3509 908 3568 nectare
931 3503 1080 3592 Vestam,
