2556 3966
185 179 251 243 3l0
509 178 656 233 VERGILI
673 177 807 233 AENEIS
826 179 865 234 XI

75 361 77 366 ·
185 342 316 424 pectora
338 340 522 423 pectoribus
545 343 712 423 rumpunt:
736 361 887 404 excussus
910 339 1075 406 Aconteus
1150 359 1203 406 010

186 435 331 500 fulminis
353 435 389 498 in
410 458 532 500 morem
554 439 611 500 aut
633 440 794 501 tormento
817 437 967 520 ponderis
990 439 1055 502 acti

188 533 376 616 praecipitat
398 534 494 618 longe
516 537 549 597 et
571 533 672 598 vitam
695 533 850 619 dispergit
872 534 908 598 in
934 556 1035 600 auras.

187 631 347 713 extemplo
370 630 519 696 turbatae
543 630 634 716 acies,
656 630 804 714 versique
827 628 936 694 Latini

187 725 324 790 reiciunt
345 748 473 809 parmas
496 731 529 791 et
552 747 651 810 equos
674 728 715 791 ad
736 727 862 792 moenia
884 730 1021 792 vertunt.

188 821 287 887 Troes
311 827 421 909 agunt,
442 823 589 907 princeps
612 827 736 888 turmas
759 823 881 888 inducit
902 823 1018 889 Asilas.
1150 843 1203 892 010

187 920 314 1004 iamque
336 919 597 1005 propinquabant
619 922 732 1007 portis,
754 941 929 1003 rursusque
951 919 1061 984 Latini

188 1015 360 1080 clamorem
382 1017 504 1080 tollunt
527 1021 559 1081 et
582 1016 692 1080 mollia
715 1017 797 1082 colla
818 1016 999 1081 reflectunt:

187 1111 223 1175 hi
245 1113 376 1197 fugiunt
397 1113 590 1196 penitusque
613 1113 696 1176 dctis
718 1114 901 1178 referuntur
921 1114 1065 1179 habenis.

111 1260 115 1297 ἱ
190 1209 294 1293 qualis
317 1209 374 1273 ubi
397 1209 521 1274 alterno
544 1231 734 1293 procurrens
758 1211 888 1295 gurgite
909 1215 1029 1294 pontus

113 1326 116 1361 2
188 1327 274 1370 nunc
295 1306 362 1370 ruit
385 1305 424 1370 ad
446 1309 564 1370 terram
588 1306 799 1390 scopulosque
823 1307 995 1390 superiacit
1019 1307 1105 1372 unda
1148 1327 1200 1374 cac

119 1483 121 1491 ἢ
191 1425 340 1486 spumeus
363 1405 600 1486 extremamque
623 1402 696 1466 sinu
719 1404 882 1486 perfundit
904 1403 1068 1491 herenam,

122 1556 125 1569 ,
189 1521 274 1563 110110
296 1501 426 1584 rapidus
450 1503 536 1565 retro
561 1503 656 1583 atque
680 1503 770 1563 aestu
793 1500 939 1564 revoluta
961 1501 1132 1566 resorbens

123 1586 126 1595 ¹
191 1618 267 1660 saxa
289 1597 374 1682 fugit
397 1597 539 1680 litusque
561 1597 642 1662 vado
665 1596 792 1660 labente
815 1596 982 1680 relinquit:

191 1692 241 1756 bis
265 1693 360 1757 Tusci
382 1691 522 1756 Rutulos
547 1713 637 1776 egere
660 1690 699 1754 ad
721 1692 848 1756 moenia
869 1713 989 1778 versos,

190 1787 242 1851 bis
265 1789 374 1852 reiecti
398 1788 496 1852 armis
519 1791 700 1871 respectent
722 1792 814 1874 terga
836 1792 989 1875 tegentes:
1148 1811 1199 1858 130

191 1885 287 1948 tertia
310 1885 364 1950 sed
387 1889 559 1969 postquam
582 1885 745 1970 congressi
768 1885 803 1947 in
824 1885 946 1968 proelia
968 1889 1054 1950 totas

190 1981 376 2065 implicuere
398 1982 483 2046 inter
506 2004 539 2045 se
562 1981 644 2046 acies
667 1983 810 2067 legitque
832 1981 937 2046 virum
959 1982 1021 2046 vir:

191 2083 359 2144 tumuere
383 2083 414 2143 et
437 2079 575 2164 gemitus
598 2079 792 2143 morientum
815 2083 847 2143 et
870 2080 1082 2164 sanguinein
1105 2083 1169 2147 alto

192 2198 342 2260 armaque
365 2198 562 2260 corporaque
585 2179 617 2240 et
639 2177 789 2260 permixti
813 2176 905 2240 caede
927 2177 1071 2242 virorum

192 2273 392 2338 semianimes
415 2274 588 2338 volventur
611 2273 694 2359 equi,
716 2294 825 2359 pugna
848 2295 961 2357 aspere
984 2276 1097 2360 surgit.
1147 2293 1197 2340 035

191 2370 377 2436 Orsilochus
400 2370 538 2456 Remuli,
562 2370 688 2453 quando
711 2370 819 2453 ipsum
841 2370 993 2436 horrebat
1016 2373 1112 2457 adire,

190 2467 315 2532 hastam
339 2467 471 2531 intorsit
494 2489 575 2550 equo
599 2466 783 2549 ferrumque
806 2467 865 2530 sub
889 2489 964 2530 aure
987 2467 1125 2552 reliquit.

192 2587 255 2649 quo
280 2565 407 2648 sonipes
429 2565 496 2628 ictu
518 2564 597 2628 furit
621 2563 738 2628 arduus
762 2564 889 2647 alteque
912 2564 1011 2627 iactat

191 2662 330 2726 volneris
353 2661 511 2744 inpatiens
536 2664 658 2724 arrecto
681 2663 809 2743 pectore
832 2681 935 2724 crura:

191 2760 332 2824 volvitur
353 2759 409 2822 ille
432 2779 582 2822 excussus
605 2756 704 2820 humi.
751 2753 886 2821 Catillus
909 2757 1014 2821 lollan
1146 2773 1195 2821 110

192 2857 418 2941 ingentemque
441 2855 566 2940 animis,
588 2855 750 2939 ingentem
774 2874 906 2938 corpore
929 2858 961 2918 et
985 2855 1082 2918 armis

193 2953 288 3018 deicit
310 2952 521 3037 Herminium,
543 2951 628 3015 nudo
653 2951 703 3014 oui
726 2950 843 3014 vertice
866 2951 954 3015 fulva

193 3051 346 3116 caesaries
368 3050 509 3134 nudique
531 3048 643 3132 umeri,
665 3069 723 3111 nec
745 3047 876 3112 volnera
898 3051 1034 3113 terrent:

193 3153 303 3212 tantus
326 3148 360 3210 in
384 3169 471 3210 erma
493 3149 590 3229 patet.
636 3145 720 3208 latos
742 3143 818 3208 huie
839 3143 934 3208 haste
956 3165 1014 3228 per
1037 3167 1139 3210 armos

192 3250 264 3310 acta
287 3243 397 3307 tremit
421 3243 625 3326 duplicatque
647 3241 752 3306 virum
775 3243 930 3306 transfixa
953 3241 1071 3307 dolore.
1144 3257 1191 3304 645

192 3340 339 3406 funditur
362 3343 430 3402 ater
453 3338 572 3421 ubique
595 3359 701 3422 cruor3
725 3337 802 3400 dant
824 3338 936 3401 funera
955 3336 1040 3402 ferro

191 3440 352 3503 certantes
376 3434 605 3518 pulchramque
628 3439 743 3518 petunt
765 3455 822 3518 per
844 3434 974 3500 volnera
997 3437 1137 3498 mortem.
