2538 3970
191 218 258 282 290
508 217 655 272 VERGILI
672 218 805 274 AENEIS
818 218 884 274 Vlll

191 379 356 444 adsuescat
379 379 492 463 primis
516 384 548 444 et
570 384 604 444 te
627 380 762 444 miretur
785 381 825 446 ab
849 380 950 445 annis,

191 475 331 541 Arcadas
354 477 428 540 huic
451 477 575 560 equites
600 477 650 540 bis
674 481 812 562 centum,
834 478 951 542 robora
973 477 1070 559 pubis

190 573 273 637 lecta
296 574 377 637 dabo
402 573 600 657 totidemque
624 596 683 637 suo
707 573 769 638 tibi
793 595 924 654 munere
945 572 1073 638 Pallas?
1252 614 1253 666 ,

234 668 299 733 Vix
323 692 359 734 ea
381 670 467 733 fatus
491 674 569 754 erat,
591 669 752 754 defixique
776 693 832 736 ora
854 671 1006 735 tenebant
1145 689 1190 738 520

190 765 314 830 Aeneas
337 766 545 830 Anchisiades
568 771 603 830 et
625 766 709 830 fidus
732 765 872 834 Achates

190 863 355 947 multaque
378 863 456 926 dura
481 885 540 927 suo
563 863 652 926 tristi
675 885 747 928 cum
770 864 863 928 corde
885 863 1054 949 putabant,

190 962 225 1023 ni
248 961 376 1045 signum
398 960 486 1025 caelo
510 958 669 1043 Cytherea
693 960 831 1024 dedisset
854 965 973 1044 aperto.

190 1079 327 1141 namque
349 1057 514 1141 inproviso
539 1057 685 1121 vibratus
709 1057 749 1121 ab
773 1058 901 1121 aethere
924 1058 1031 1143 fulgor

191 1175 263 1218 cum
286 1153 394 1217 sonitu
416 1153 513 1236 veuit,
537 1157 569 1216 et
592 1174 685 1217 ruere
710 1154 816 1217 omnia
838 1153 908 1217 risa
930 1159 1062 1238 repente
1145 1172 1191 1220 115

190 1249 437 1335 Tyrrhenusque
459 1251 556 1313 tubae
577 1249 704 1334 mugire
727 1272 784 1333 per
806 1250 936 1314 aethera
958 1251 1098 1336 clangor.

192 1347 379 1434 suspiciunt,
396 1348 514 1410 iterum
534 1350 630 1429 atque
648 1346 769 1410 iterum
786 1347 896 1431 fragor
913 1347 1057 1430 increpat
1071 1348 1190 1432 ingens:

191 1466 278 1507 arma
300 1444 384 1508 inter
405 1444 525 1507 nubem
548 1441 626 1507 caeli
650 1443 780 1527 regione
804 1465 913 1507 serena

190 1562 247 1625 per
269 1542 396 1605 suidum
418 1541 552 1604 rutilare
574 1541 683 1604 rident
706 1543 737 1602 et
760 1541 853 1623 pulsa
875 1545 995 1605 tonare.

192 1638 374 1721 obstipuere
397 1638 512 1702 animis
536 1637 602 1724 alii,
625 1637 679 1700 sed
702 1635 819 1700 Troius
840 1637 937 1702 heros
1145 1655 1190 1703 cco

191 1735 344 1820 adgnovit
367 1736 508 1800 sonitum
531 1738 564 1799 et
586 1734 677 1798 divae
702 1735 860 1817 promissa
882 1735 1033 1818 parentis.

191 1835 262 1895 tum
283 1835 441 1896 memorat
465 1830 515 1894 ‘ne
538 1851 623 1916 vero,
645 1830 772 1915 hospes,
794 1853 834 1894 ne
858 1853 973 1914 quaere
995 1832 1151 1919 profecto,

192 1949 287 2010 quem
309 1948 417 1991 casum
439 1931 591 2011 portenta
612 1927 731 1991 ferant:
756 1949 815 2012 ego
838 1949 953 2012 poscor
977 1926 1122 2013 Olympo.

190 2024 252 2089 hoc
274 2024 402 2109 signum
425 2025 539 2089 cecinit
561 2024 734 2087 missuram
757 2024 830 2087 diva
852 2024 998 2108 creatrix,

192 2121 220 2186 si
241 2121 360 2185 bellum
383 2122 557 2206 ingrueret,
578 2119 798 2204 Volcaniaque
820 2143 908 2185 arma
930 2143 987 2204 per
1006 2143 1099 2186 auras
1143 2139 1188 2185 131

190 2219 328 2283 laturam
351 2218 478 2282 auxilio.
957 2292 958 2296 Ἰ

190 2316 252 2380 heu
276 2319 413 2399 quantae
435 2315 560 2378 miseris
584 2315 693 2378 caedes
717 2315 932 2380 Laurentibus
955 2315 1094 2380 instanti

191 2435 270 2498 quas
284 2434 403 2496 poenas
420 2411 510 2497 mihi,
524 2411 639 2495 Turne,
662 2412 766 2476 dabisl
789 2434 885 2496 quam
903 2412 1006 2475 multa
1021 2413 1081 2476 sub
1096 2412 1188 2476 undas

191 2515 281 2574 scuta
302 2511 408 2573 virum
430 2508 600 2594 galeasque
624 2511 656 2571 ct
679 2509 777 2572 fortia
799 2529 932 2591 corpora
954 2508 1074 2594 volves,

190 2607 314 2691 Thybri
335 2609 439 2690 pater!
461 2610 595 2688 poscant
619 2606 702 2670 acies
724 2609 756 2668 et
773 2605 901 2669 foedera
918 2604 1088 2688 rumpant?
1142 2619 1188 2668 540

233 2703 322 2768 Haec
343 2703 400 2767 ubi
422 2703 508 2767 dicta
530 2702 627 2787 dedit,
651 2703 732 2766 solio
756 2723 790 2766 se
812 2701 901 2766 tollit
924 2701 963 2765 ab
988 2701 1054 2765 alto

190 2805 222 2865 et
244 2801 383 2884 primum
406 2798 571 2862 Herculeis
596 2798 719 2881 sopitas
742 2798 872 2882 ignibus
897 2819 967 2861 aras

190 2900 308 2963 excitat
329 2897 579 2979 hesternumque
601 2897 701 2960 larem
724 2916 904 2978 parvosque
925 2894 1052 2978 penatis

189 2997 293 3059 laetus
317 2994 397 3058 adit:
420 2996 562 3056 mactant
584 2993 683 3057 lectas
707 2992 745 3056 de
767 3013 856 3056 more
880 2991 1019 3056 bidentis

189 3091 360 3156 Euandrus
384 3091 514 3176 pariter,
536 3089 657 3174 pariter
679 3088 818 3152 Troiana
839 3089 997 3152 iuventus.
1141 3100 1187 3152 141

189 3187 362 3272 posthinc
385 3187 424 3250 ad
446 3187 538 3250 navis
562 3185 708 3270 graditur
732 3186 899 3268 sociosque
921 3185 1041 3250 revisit.
1257 3255 1258 3270 ,

191 3302 328 3369 quorum
351 3284 388 3346 de
410 3304 542 3347 numero
567 3282 623 3366 qui
646 3304 713 3346 sese
736 3282 770 3345 in
793 3281 878 3346 bella
900 3286 1075 3365 sequantur
1256 3285 1258 3330 l

190 3380 385 3466 praestantis
408 3379 530 3444 virtute
552 3380 644 3464 legit:
668 3402 742 3462 pars
766 3383 870 3444 cetera
892 3400 993 3463 prona
1257 3379 1258 3388 ’

190 3480 294 3544 fertur
317 3496 401 3559 aqua
425 3476 593 3560 segnisque
617 3476 753 3540 secundo
777 3475 888 3540 defluit
911 3475 1005 3560 amni,
