2612 3964
207 238 272 301 114
528 234 677 289 VERGILI
695 234 828 289 AENEIS
846 235 898 288 llll

204 403 277 464 tuta
298 403 426 483 parant:
450 398 589 482 pendent
613 419 710 480 opera
733 396 915 479 interrupta
936 397 1107 480 minaeque

204 519 368 562 murorum
392 497 538 581 ingentes
563 499 762 579 aequataque
784 493 932 559 machina
955 495 1050 558 caele.

250 593 352 669 Quam
375 594 472 657 simul
494 614 530 657 ac
552 593 612 656 tali
634 591 793 675 persensit
816 595 906 674 peste
928 592 1047 654 teneri·
1184 608 1214 656 00

206 713 278 755 cara
300 691 387 755 Iovis
411 691 559 776 coniunx,
580 711 639 753 nec
661 689 779 752 famam
802 688 931 752 obstare
953 688 1066 773 furori,

205 789 326 853 talibus
350 789 534 874 adgreditur
556 785 715 850 Venerem
739 783 890 850 Saturnia
912 785 1020 849 dictis:

207 885 380 970 ‘egregiam
402 906 477 949 vero
500 884 627 948 laudem
650 887 682 946 et
706 882 809 966 spolia
832 882 937 966 ampla
959 883 1088 948 refertis

206 987 306 1066 tuque
328 1004 470 1067 puerque
493 985 583 1064 tuus;
606 1001 760 1064 magnum
783 983 815 1042 et
838 980 1045 1044 memorabile
1068 1003 1195 1067 nomen,

205 1102 270 1143 una
293 1081 366 1144 dolo
390 1080 498 1143 divom
521 1079 549 1142 si
572 1078 691 1142 femina
713 1076 798 1141 victa
821 1077 957 1140 duorum
981 1081 1038 1141 est.
1182 1097 1211 1144 00

205 1199 264 1241 nec
285 1199 336 1242 me
360 1177 437 1241 adeo
460 1176 545 1240 fallit
568 1175 704 1239 veritam
726 1178 760 1237 te
782 1173 909 1236 moenia
930 1178 1044 1238 nostra

207 1277 371 1357 suspectas
393 1272 546 1336 habuisse
569 1273 680 1335 domos
704 1269 910 1354 Carthaginis
934 1271 1026 1338 altae,

207 1372 262 1434 sed
285 1371 357 1454 quis
381 1371 442 1434 erit
464 1369 588 1456 modus,
611 1372 674 1433 aut·
690 1390 753 1452 quo
775 1389 862 1432 nunc
884 1369 1058 1432 certamine
1080 1372 1194 1435 tanto?

207 1469 286 1551 quin
307 1468 416 1551 potius
439 1489 549 1550 pacem
572 1469 733 1530 aeternam
755 1469 931 1548 pactosque
952 1465 1148 1548 hymenaeos

207 1565 409 1629 exercemus?
431 1563 531 1628 habes
554 1567 625 1628 tota
648 1562 733 1646 quod
755 1565 861 1626 mente
884 1562 1009 1646 petisti:
1165 1583 1210 1631 100

207 1662 297 1726 ardet
319 1684 430 1726 amans
453 1661 537 1725 Dido
560 1660 724 1743 traxitque
747 1680 803 1742 per
827 1681 900 1722 ossa
921 1659 1072 1726 furorem.

207 1780 406 1823 communem
427 1759 514 1822 hunc
536 1779 612 1842 ergo
635 1755 791 1840 populum
813 1756 1009 1840 paribusque
1032 1780 1180 1844 regamus

207 1855 368 1940 auspiciis,
389 1855 484 1918 liceat
507 1853 650 1938 Phrygio
673 1853 791 1916 servire
814 1853 931 1917 marito

207 1943 387 2036 dotalisque
409 1955 483 2015 tuae
507 1950 621 2034 Tyrios
644 1950 828 2034 permittere
851 1951 1000 2015 dextrae?

252 2046 317 2112 Olli
339 2046 456 2135 (sensit
478 2047 563 2111 enim
587 2047 736 2111 simulata
758 2051 864 2111 mente
886 2047 1037 2133 locutam,
1163 2067 1208 2118 105

207 2168 271 2230 quo
294 2166 428 2231 regnum
450 2143 564 2208 Italiae
586 2142 722 2226 Libycas
746 2148 903 2209 averteret
926 2144 1014 2232 oras)

207 2244 253 2308 sic
275 2247 386 2308 contra
409 2245 458 2306 est
481 2243 627 2326 ingressa
649 2241 772 2305 Venus:
796 2242 881 2324 ‘quis
904 2242 983 2306 talia
1005 2243 1133 2310 demens

207 2340 327 2406 abnuat
350 2343 406 2404 aut
428 2343 535 2403 tecum
557 2339 650 2402 malit
672 2339 862 2402 contendere
885 2338 991 2403 bello?

207 2439 235 2502 si
256 2438 352 2502 modo
376 2437 462 2520 quod
483 2457 641 2501 memoras
664 2436 786 2500 facturn
807 2437 938 2500 fortuna
961 2443 1122 2521 sequatur.

207 2535 261 2598 sed
283 2534 359 2598 fatis
382 2534 504 2596 incerta
525 2533 611 2596 feror
635 2533 663 2596 si
684 2532 830 2616 Iuppiter
852 2555 969 2598 unam·
1161 2552 1206 2600 110

206 2653 275 2696 0000
297 2631 374 2694 velit
398 2630 504 2713 Tyriis
527 2630 640 2693 urbem
663 2629 822 2714 Troiaque
844 2631 1006 2716 profectis,

206 2728 371 2792 miscerive
393 2727 509 2811 probet
532 2727 669 2810 populos
694 2730 749 2790 aut
772 2726 900 2790 foedera
922 2727 1021 2812 iungi.

205 2831 243 2890 tu
266 2826 414 2911 coniunx,
437 2825 499 2888 tibi
522 2825 571 2888 fas
595 2824 737 2888 animum
759 2827 917 2906 temptare
940 2825 1105 2908 precando.

206 2943 315 3006 perge:
339 2921 473 3004 sequar.'
519 2925 590 2985 tum
613 2921 659 2984 sic
682 2920 806 3002 excepit
829 2920 918 3005 regia
941 2920 1036 2985 Iuno:

207 3019 341 3082 ‘mecum
356 3018 417 3081 erit
430 3017 492 3080 1000
505 3017 605 3082 labor.
629 3038 715 3081 nunc
729 3039 792 3100 qua
806 3018 932 3082 ratione
947 3019 1033 3101 quod
1047 3019 1145 3084 instat
1159 3033 1204 3082 115

206 3114 335 3179 confieri
358 3114 472 3198 possit,
494 3114 615 3200 paucis,
638 3115 776 3200 adverte,
798 3113 926 3178 docebo.

205 3215 356 3275 venatum
379 3209 503 3274 Aeneas
526 3233 652 3294 unaque
674 3211 854 3275 miserrima
877 3211 961 3276 Dido

203 3311 240 3373 in
262 3330 374 3372 nemus
397 3307 444 3370 ire
466 3311 591 3392 parant,
613 3307 671 3370 ubi
693 3308 814 3392 primos
837 3310 996 3374 crastinus
1020 3315 1111 3375 ortus

205 3405 357 3469 extulerit
380 3404 478 3467 Titan
499 3405 660 3487 radiisque
682 3405 834 3468 retexerit
858 3406 975 3470 orbem

204 3502 256 3565 his
280 3521 340 3586 ego
362 3501 544 3584 nigrantem
568 3501 740 3565 commixta
763 3502 917 3587 grandine
939 3502 1095 3589 nimbum,
1159 3517 1203 3568 100
