2612 3964
342 941 382 1014 P.
408 940 603 1013 VERGILI
630 943 842 1016 MARONIS

299 1115 336 1198 A
380 1115 416 1196 Ε
461 1115 504 1198 N
548 1117 584 1197 E
628 1117 652 1199 Ι
696 1117 736 1199 D
784 1118 819 1200 Ο
867 1119 895 1202 S

415 1306 771 1384 umnnovmrvs

140 1449 181 1514 At
202 1451 313 1535 regina
336 1449 428 1534 gravi
451 1449 635 1514 iamdudum
658 1452 765 1516 saucia
788 1474 863 1517 cura

97 1549 205 1613 volnus
228 1549 287 1611 alit
309 1547 400 1612 venis
423 1549 456 1610 et
479 1568 569 1610 caeco
594 1547 736 1631 carpitur
757 1548 834 1633 igni.

97 1645 192 1710 multa
213 1644 276 1710 viri
298 1644 403 1708 virtus
427 1643 532 1707 animo
556 1645 742 1728 multusque
763 1649 906 1710 recursat

96 1743 196 1829 gentis
217 1742 333 1826 honos,
354 1741 488 1805 haerent
510 1741 603 1804 infixi
624 1746 753 1824 pectore
775 1743 883 1807 voltus

45 1917 47 1920 ¹
97 1842 259 1924 verbaque,
280 1861 339 1903 neo
361 1838 518 1922 placidam
540 1839 692 1904 membris
716 1839 771 1904 dat
794 1862 869 1904 cura
892 1841 1040 1924 quietem.
1079 1860 1095 1906 o

96 1944 218 2023 postera
240 1936 390 2002 Phoebea
412 1935 573 2000 lustrabat
596 1937 740 2020 lampade
763 1941 864 2002 terras

96 2040 313 2118 umentemque
337 2032 463 2098 Aurora
485 2033 560 2117 polo
584 2033 760 2098 dimoverat
784 2035 939 2121 umbram,

96 2157 163 2198 cum
185 2134 231 2198 sic
253 2131 439 2196 unanimam
461 2131 645 2214 adloquitur
667 2132 851 2195 malesana
874 2154 1028 2196 sororem:
1138 2127 1143 2136 ⁴

97 2231 195 2294 ‘Anna
218 2251 320 2312 soror,
343 2249 424 2310 quae
446 2249 497 2290 me
520 2249 708 2311 suspensam
729 2228 889 2292 insomnia
911 2232 1046 2294 terrent!

96 2329 162 2413 quis
184 2347 287 2392 novos
310 2325 364 2389 hic
384 2325 506 2388 nostris
530 2325 682 2388 successit
706 2325 834 2389 sedibus
856 2325 984 2412 hospes
1063 2344 1095 2392 10

95 2449 184 2510 quem
208 2445 277 2488 sese
301 2443 355 2486 ore
378 2421 492 2506 ferens,
516 2443 612 2504 quam
634 2421 712 2484 forti
734 2425 863 2504 pectore
885 2426 918 2486 et
941 2423 1050 2486 armis!

95 2524 180 2587 eredo
206 2520 362 2604 equidem,
384 2540 443 2583 neo
464 2541 547 2582 vana
568 2518 657 2603 fides,
679 2540 780 2603 genus
804 2541 872 2584 esse
895 2520 1033 2584 deorum.

95 2621 259 2706 degeneres
284 2617 407 2680 animos
430 2615 528 2678 timor
552 2615 666 2699 arguit.
712 2615 776 2679 heu
799 2616 916 2700 quibus
940 2616 994 2680 ille

96 2717 226 2782 iactatus
250 2715 326 2779 fatis
350 2735 431 2797 quae
454 2713 538 2776 bella
560 2712 715 2776 exhausta
737 2713 884 2777 canebat!
918 2719 920 2722 ’

95 2815 120 2878 si
140 2813 220 2878 mihi
242 2833 309 2876 non
332 2811 437 2874 animo
461 2811 561 2874 fixum
583 2810 815 2893 immotumque
838 2810 970 2895 sederet,
1063 2828 1095 2875 15

94 2912 180 2976 necui
202 2931 254 2974 me
276 2909 381 2974 vinclo
405 2907 520 2971 vellem
542 2907 663 2971 sociare
685 2907 795 2992 iugali,
817 2897 819 2902 ’
1136 2900 1139 2909 '

94 3013 262 3093 postquam
284 3006 408 3090 primus
431 3027 522 3069 amor
544 3005 708 3088 deceptam
729 3008 833 3068 morte
855 3005 984 3090 fefellit3

95 3106 206 3170 sinon
227 3107 411 3188 pertaesum
433 3102 568 3166 thalami
589 3102 763 3186 taedaeque
784 3101 908 3188 fuisset,

94 3201 163 3268 huie
184 3203 242 3266 uni
265 3202 375 3266 forsan
397 3201 490 3284 potui
514 3199 716 3264 succumbere
740 3198 859 3282 eulpae.

94 3298 191 3386 Anna,
213 3298 340 3362 fatebor
363 3297 457 3381 enim,
479 3297 588 3360 miseri
610 3299 685 3380 post
707 3295 775 3359 fata
798 3293 933 3378 Sychaei
1004 3351 1007 3356 ,
1061 3313 1095 3361 20

94 3397 234 3482 coniugis
258 3399 290 3458 et
314 3417 442 3478 sparsos
465 3395 607 3458 fraterna
629 3395 721 3458 caede
744 3398 875 3477 penates

96 3494 175 3558 solus
198 3493 252 3558 hio
274 3491 398 3556 inflexit
422 3513 533 3556 sensus
558 3491 761 3576 animumque
783 3492 945 3555 labantem
