<?xml version="1.0" encoding="UTF-8"?>
<!DOCTYPE html PUBLIC "-//W3C//DTD XHTML 1.0 Transitional//EN"
    "http://www.w3.org/TR/xhtml1/DTD/xhtml1-transitional.dtd">
<html xmlns="http://www.w3.org/1999/xhtml" xml:lang="en" lang="en">
 <head>
  <title>
</title>
<meta http-equiv="Content-Type" content="text/html;charset=utf-8" />
  <meta name='ocr-system' content='tesseract 3.04.00' />
  <meta name='ocr-capabilities' content='ocr_page ocr_carea ocr_par ocr_line ocrx_word'/>
</head>
<body>
  <div class='ocr_page' id='page_1' title='image "./pvergilimaronis11virggoog/pvergilimaronis11virggoog_0318.png"; bbox 0 0 2538 3970; ppageno 0'>
   <div class='ocr_carea' id='block_1_1' title="bbox 381 273 1066 338">
    <p class='ocr_par' dir='ltr' id='par_1_1' title="bbox 381 273 1066 338">
     <span class='ocr_line' id='line_1_1' title="bbox 381 273 1066 338; baseline 0.016 -10"><span class='ocrx_word' id='word_1_1' title='bbox 381 275 528 330; x_wconf 79' lang='lat' dir='ltr'><strong>VERGILI</strong></span> <span class='ocrx_word' id='word_1_2' title='bbox 546 275 679 330; x_wconf 81' lang='lat' dir='ltr'>AENEIS</span> <span class='ocrx_word' id='word_1_3' title='bbox 699 275 751 330; x_wconf 87' lang='lat' dir='ltr'><strong>VII</strong></span> <span class='ocrx_word' id='word_1_4' title='bbox 1001 273 1066 338; x_wconf 80' lang='lat'><strong>265</strong></span> 
     </span>
    </p>
   </div>
   <div class='ocr_carea' id='block_1_2' title="bbox 25 437 1068 3628">
    <p class='ocr_par' dir='ltr' id='par_1_2' title="bbox 79 437 867 522">
     <span class='ocr_line' id='line_1_2' title="bbox 79 437 867 522; baseline 0.003 -22"><span class='ocrx_word' id='word_1_5' title='bbox 79 437 119 501; x_wconf 90' lang='lat' dir='ltr'><strong>dic</strong></span> <span class='ocrx_word' id='word_1_6' title='bbox 137 438 168 501; x_wconf 96' lang='lat' dir='ltr'><strong>in</strong></span> <span class='ocrx_word' id='word_1_7' title='bbox 188 439 360 502; x_wconf 79' lang='lat' dir='ltr'><strong>amicitiam</strong></span> <span class='ocrx_word' id='word_1_8' title='bbox 383 441 496 502; x_wconf 87' lang='lat' dir='ltr'><strong>coeant</strong></span> <span class='ocrx_word' id='word_1_9' title='bbox 519 441 551 502; x_wconf 93' lang='lat' dir='ltr'><strong>et</strong></span> <span class='ocrx_word' id='word_1_10' title='bbox 573 437 701 502; x_wconf 78' lang='lat' dir='ltr'>foedera</span> <span class='ocrx_word' id='word_1_11' title='bbox 723 438 867 522; x_wconf 84' lang='lat' dir='ltr'><strong>iungant.</strong></span> 
     </span>
    </p>

    <p class='ocr_par' dir='ltr' id='par_1_3' title="bbox 78 532 1020 793">
     <span class='ocr_line' id='line_1_3' title="bbox 80 532 1020 619; baseline 0 -23"><span class='ocrx_word' id='word_1_12' title='bbox 80 534 186 616; x_wconf 89' lang='lat' dir='ltr'><strong>quando</strong></span> <span class='ocrx_word' id='word_1_13' title='bbox 209 535 336 616; x_wconf 86' lang='lat' dir='ltr'><strong>quidem</strong></span> <span class='ocrx_word' id='word_1_14' title='bbox 359 532 505 598; x_wconf 78' lang='lat' dir='ltr'><strong>Ausonio</strong></span> <span class='ocrx_word' id='word_1_15' title='bbox 528 534 668 617; x_wconf 89' lang='lat' dir='ltr'><strong>respersi</strong></span> <span class='ocrx_word' id='word_1_16' title='bbox 691 535 846 619; x_wconf 83' lang='lat' dir='ltr'><strong>sanguine</strong></span> <span class='ocrx_word' id='word_1_17' title='bbox 870 533 1020 618; x_wconf 84' lang='lat' dir='ltr'><strong>Teucros,</strong></span> 
     </span>
     <span class='ocr_line' id='line_1_4' title="bbox 78 630 988 716; baseline 0.001 -23"><span class='ocrx_word' id='word_1_18' title='bbox 78 630 128 694; x_wconf 90' lang='lat' dir='ltr'><strong>hoc</strong></span> <span class='ocrx_word' id='word_1_19' title='bbox 147 632 237 696; x_wconf 91' lang='lat' dir='ltr'><strong>etiam</strong></span> <span class='ocrx_word' id='word_1_20' title='bbox 260 631 312 694; x_wconf 90' lang='lat' dir='ltr'><strong>his</strong></span> <span class='ocrx_word' id='word_1_21' title='bbox 336 631 457 716; x_wconf 84' lang='lat' dir='ltr'><strong>addam,</strong></span> <span class='ocrx_word' id='word_1_22' title='bbox 479 635 537 694; x_wconf 90' lang='lat' dir='ltr'><strong>tua</strong></span> <span class='ocrx_word' id='word_1_23' title='bbox 559 632 588 695; x_wconf 93' lang='lat' dir='ltr'><strong>si</strong></span> <span class='ocrx_word' id='word_1_24' title='bbox 610 631 691 696; x_wconf 93' lang='lat' dir='ltr'><strong>mihi</strong></span> <span class='ocrx_word' id='word_1_25' title='bbox 713 636 800 696; x_wconf 87' lang='lat' dir='ltr'><strong>certa</strong></span> <span class='ocrx_word' id='word_1_26' title='bbox 822 631 988 697; x_wconf 81' lang='lat' dir='ltr'><strong>voluntas:</strong></span> 
     </span>
     <span class='ocr_line' id='line_1_5' title="bbox 79 728 826 793; baseline 0.001 -2"><span class='ocrx_word' id='word_1_27' title='bbox 79 728 212 792; x_wconf 89' lang='lat' dir='ltr'><strong>finitimas</strong></span> <span class='ocrx_word' id='word_1_28' title='bbox 233 729 269 792; x_wconf 90' lang='grc'><strong>111</strong></span> <span class='ocrx_word' id='word_1_29' title='bbox 291 729 376 792; x_wconf 90' lang='lat' dir='ltr'><strong>bella</strong></span> <span class='ocrx_word' id='word_1_30' title='bbox 398 729 499 793; x_wconf 88' lang='lat' dir='ltr'><strong>feram</strong></span> <span class='ocrx_word' id='word_1_31' title='bbox 521 729 706 792; x_wconf 87' lang='lat' dir='ltr'><strong>rumoribus</strong></span> <span class='ocrx_word' id='word_1_32' title='bbox 729 728 826 792; x_wconf 91' lang='lat' dir='ltr'><strong>urbes</strong></span> 
     </span>
    </p>

    <p class='ocr_par' dir='ltr' id='par_1_4' title="bbox 78 825 1066 1084">
     <span class='ocr_line' id='line_1_6' title="bbox 79 825 1065 910; baseline -0.003 -20"><span class='ocrx_word' id='word_1_33' title='bbox 79 826 289 909; x_wconf 78' lang='lat' dir='ltr'><strong>accendamque</strong></span> <span class='ocrx_word' id='word_1_34' title='bbox 312 826 435 890; x_wconf 87' lang='lat' dir='ltr'><strong>animos</strong></span> <span class='ocrx_word' id='word_1_35' title='bbox 459 826 566 889; x_wconf 90' lang='lat' dir='ltr'><strong>insani</strong></span> <span class='ocrx_word' id='word_1_36' title='bbox 589 825 706 890; x_wconf 88' lang='lat' dir='ltr'><strong>Martis</strong></span> <span class='ocrx_word' id='word_1_37' title='bbox 731 847 849 910; x_wconf 90' lang='lat' dir='ltr'><strong>amore,</strong></span> <span class='ocrx_word' id='word_1_38' title='bbox 1015 839 1065 888; x_wconf 79' lang='lat'><strong>550</strong></span> 
     </span>
     <span class='ocr_line' id='line_1_7' title="bbox 78 921 1066 1008; baseline 0 -24"><span class='ocrx_word' id='word_1_39' title='bbox 78 921 199 1006; x_wconf 92' lang='lat' dir='ltr'><strong>undique</strong></span> <span class='ocrx_word' id='word_1_40' title='bbox 220 928 257 987; x_wconf 92' lang='lat' dir='ltr'><strong>ut</strong></span> <span class='ocrx_word' id='word_1_41' title='bbox 275 923 396 986; x_wconf 86' lang='lat' dir='ltr'><strong>auxilio</strong></span> <span class='ocrx_word' id='word_1_42' title='bbox 416 923 559 1007; x_wconf 80' lang='lat' dir='ltr'><strong>veniant3</strong></span> <span class='ocrx_word' id='word_1_43' title='bbox 583 944 734 1008; x_wconf 79' lang='lat' dir='ltr'><strong>spargam</strong></span> <span class='ocrx_word' id='word_1_44' title='bbox 757 945 845 986; x_wconf 87' lang='lat' dir='ltr'><strong>arma</strong></span> <span class='ocrx_word' id='word_1_45' title='bbox 868 944 924 1005; x_wconf 90' lang='lat' dir='ltr'><strong>per</strong></span> <span class='ocrx_word' id='word_1_46' title='bbox 948 921 1066 1006; x_wconf 65' lang='lat' dir='ltr'><strong>agros?</strong></span> 
     </span>
     <span class='ocr_line' id='line_1_8' title="bbox 78 1019 953 1084; baseline 0.002 -3"><span class='ocrx_word' id='word_1_47' title='bbox 78 1022 137 1083; x_wconf 90' lang='lat' dir='ltr'><strong>tum</strong></span> <span class='ocrx_word' id='word_1_48' title='bbox 156 1024 263 1084; x_wconf 88' lang='lat' dir='ltr'><strong>contra</strong></span> <span class='ocrx_word' id='word_1_49' title='bbox 285 1019 367 1084; x_wconf 90' lang='lat' dir='ltr'><strong>Iuno</strong></span> <span class='ocrx_word' id='word_1_50' title='bbox 392 1021 565 1084; x_wconf 85' lang='lat' dir='ltr'><strong>‘terrorum</strong></span> <span class='ocrx_word' id='word_1_51' title='bbox 588 1024 620 1084; x_wconf 99' lang='grc' dir='ltr'><strong>εὴ</strong></span> <span class='ocrx_word' id='word_1_52' title='bbox 643 1021 764 1084; x_wconf 88' lang='lat' dir='ltr'><strong>fraudis</strong></span> <span class='ocrx_word' id='word_1_53' title='bbox 789 1020 953 1084; x_wconf 90' lang='lat' dir='ltr'><strong>abundest.</strong></span> 
     </span>
    </p>

    <p class='ocr_par' dir='ltr' id='par_1_5' title="bbox 78 1117 914 1202">
     <span class='ocr_line' id='line_1_9' title="bbox 78 1117 914 1202; baseline 0.002 -24"><span class='ocrx_word' id='word_1_54' title='bbox 78 1119 153 1180; x_wconf 91' lang='lat' dir='ltr'><strong>stant</strong></span> <span class='ocrx_word' id='word_1_55' title='bbox 173 1117 247 1180; x_wconf 91' lang='lat' dir='ltr'><strong>belli</strong></span> <span class='ocrx_word' id='word_1_56' title='bbox 271 1138 393 1202; x_wconf 88' lang='lat' dir='ltr'><strong>causae,</strong></span> <span class='ocrx_word' id='word_1_57' title='bbox 416 1121 582 1202; x_wconf 85' lang='lat' dir='ltr'><strong>pugnatur</strong></span> <span class='ocrx_word' id='word_1_58' title='bbox 604 1117 783 1182; x_wconf 89' lang='lat' dir='ltr'><strong>comminus</strong></span> <span class='ocrx_word' id='word_1_59' title='bbox 807 1117 914 1202; x_wconf 88' lang='lat' dir='ltr'><strong>armis,</strong></span> 
     </span>
    </p>

    <p class='ocr_par' dir='ltr' id='par_1_6' title="bbox 77 1213 1066 1493">
     <span class='ocr_line' id='line_1_10' title="bbox 78 1213 1007 1298; baseline 0.001 -22"><span class='ocrx_word' id='word_1_60' title='bbox 78 1234 146 1296; x_wconf 90' lang='lat' dir='ltr'><strong>quae</strong></span> <span class='ocrx_word' id='word_1_61' title='bbox 165 1214 229 1278; x_wconf 91' lang='lat' dir='ltr'><strong>fors</strong></span> <span class='ocrx_word' id='word_1_62' title='bbox 252 1215 356 1298; x_wconf 87' lang='lat' dir='ltr'><strong>prima</strong></span> <span class='ocrx_word' id='word_1_63' title='bbox 379 1213 466 1278; x_wconf 87' lang='lat' dir='ltr'><strong>dedit</strong></span> <span class='ocrx_word' id='word_1_64' title='bbox 491 1213 623 1298; x_wconf 83' lang='lat' dir='ltr'><strong>sanguis</strong></span> <span class='ocrx_word' id='word_1_65' title='bbox 645 1236 748 1280; x_wconf 86' lang='lat' dir='ltr'><strong>novos</strong></span> <span class='ocrx_word' id='word_1_66' title='bbox 771 1214 889 1278; x_wconf 78' lang='lat' dir='ltr'><strong>imbuit</strong></span> <span class='ocrx_word' id='word_1_67' title='bbox 913 1235 1007 1278; x_wconf 89' lang='lat' dir='ltr'><strong>arma.</strong></span> 
     </span>
     <span class='ocr_line' id='line_1_11' title="bbox 77 1310 1066 1396; baseline 0 -24"><span class='ocrx_word' id='word_1_68' title='bbox 77 1310 144 1374; x_wconf 88' lang='lat' dir='ltr'><strong>talia</strong></span> <span class='ocrx_word' id='word_1_69' title='bbox 164 1311 310 1396; x_wconf 86' lang='lat' dir='ltr'><strong>coniugia</strong></span> <span class='ocrx_word' id='word_1_70' title='bbox 335 1315 367 1375; x_wconf 92' lang='lat' dir='ltr'><strong>et</strong></span> <span class='ocrx_word' id='word_1_71' title='bbox 390 1311 466 1374; x_wconf 89' lang='lat' dir='ltr'><strong>talis</strong></span> <span class='ocrx_word' id='word_1_72' title='bbox 491 1311 651 1374; x_wconf 89' lang='lat' dir='ltr'><strong>celebrent</strong></span> <span class='ocrx_word' id='word_1_73' title='bbox 672 1312 866 1395; x_wconf 85' lang='lat' dir='ltr'><strong>hymenaeos</strong></span> <span class='ocrx_word' id='word_1_74' title='bbox 1015 1325 1066 1372; x_wconf 78' lang='lat' dir='ltr'><strong>ccc</strong></span> 
     </span>
     <span class='ocr_line' id='line_1_12' title="bbox 77 1407 899 1493; baseline -0.002 -21"><span class='ocrx_word' id='word_1_75' title='bbox 77 1409 224 1492; x_wconf 83' lang='lat' dir='ltr'><strong>egregium</strong></span> <span class='ocrx_word' id='word_1_76' title='bbox 245 1407 381 1472; x_wconf 89' lang='lat' dir='ltr'><strong>Veneris</strong></span> <span class='ocrx_word' id='word_1_77' title='bbox 404 1428 506 1493; x_wconf 78' lang='lat' dir='ltr'><strong>genus</strong></span> <span class='ocrx_word' id='word_1_78' title='bbox 531 1412 563 1471; x_wconf 89' lang='lat' dir='ltr'><strong>et</strong></span> <span class='ocrx_word' id='word_1_79' title='bbox 585 1429 642 1471; x_wconf 86' lang='lat' dir='ltr'><strong>rex</strong></span> <span class='ocrx_word' id='word_1_80' title='bbox 664 1407 734 1492; x_wconf 89' lang='lat' dir='ltr'><strong>ipse</strong></span> <span class='ocrx_word' id='word_1_81' title='bbox 756 1407 899 1472; x_wconf 90' lang='lat' dir='ltr'><strong>Latinus.</strong></span> 
     </span>
    </p>

    <p class='ocr_par' dir='ltr' id='par_1_7' title="bbox 76 1504 810 1589">
     <span class='ocr_line' id='line_1_13' title="bbox 76 1504 810 1589; baseline 0 -21"><span class='ocrx_word' id='word_1_82' title='bbox 76 1509 103 1569; x_wconf 89' lang='lat' dir='ltr'><strong>te</strong></span> <span class='ocrx_word' id='word_1_83' title='bbox 122 1528 211 1589; x_wconf 86' lang='lat' dir='ltr'><strong>super</strong></span> <span class='ocrx_word' id='word_1_84' title='bbox 233 1506 390 1571; x_wconf 88' lang='lat' dir='ltr'><strong>aetherias</strong></span> <span class='ocrx_word' id='word_1_85' title='bbox 414 1527 520 1568; x_wconf 86' lang='lat' dir='ltr'><strong>errare</strong></span> <span class='ocrx_word' id='word_1_86' title='bbox 542 1504 692 1568; x_wconf 89' lang='lat' dir='ltr'><strong>licentius</strong></span> <span class='ocrx_word' id='word_1_87' title='bbox 716 1527 810 1569; x_wconf 90' lang='lat' dir='ltr'><strong>auras</strong></span> 
     </span>
    </p>

    <p class='ocr_par' dir='ltr' id='par_1_8' title="bbox 75 1601 921 1688">
     <span class='ocr_line' id='line_1_14' title="bbox 75 1601 921 1688; baseline 0.001 -23"><span class='ocrx_word' id='word_1_88' title='bbox 75 1602 145 1666; x_wconf 90' lang='lat' dir='ltr'><strong>haut</strong></span> <span class='ocrx_word' id='word_1_89' title='bbox 164 1608 252 1687; x_wconf 89' lang='lat' dir='ltr'><strong>pater</strong></span> <span class='ocrx_word' id='word_1_90' title='bbox 274 1604 329 1666; x_wconf 91' lang='lat' dir='ltr'><strong>ille</strong></span> <span class='ocrx_word' id='word_1_91' title='bbox 352 1603 439 1688; x_wconf 87' lang='lat' dir='ltr'><strong>velit,</strong></span> <span class='ocrx_word' id='word_1_92' title='bbox 463 1602 580 1666; x_wconf 80' lang='lat' dir='ltr'><strong>summi</strong></span> <span class='ocrx_word' id='word_1_93' title='bbox 603 1607 755 1686; x_wconf 82' lang='lat' dir='ltr'><strong>regnator</strong></span> <span class='ocrx_word' id='word_1_94' title='bbox 779 1601 921 1686; x_wconf 85' lang='lat' dir='ltr'><strong>Olympi:</strong></span> 
     </span>
    </p>

    <p class='ocr_par' dir='ltr' id='par_1_9' title="bbox 76 1698 983 1786">
     <span class='ocr_line' id='line_1_15' title="bbox 76 1698 983 1786; baseline -0.003 -22"><span class='ocrx_word' id='word_1_95' title='bbox 76 1700 138 1764; x_wconf 81' lang='lat' dir='ltr'><strong>cede</strong></span> <span class='ocrx_word' id='word_1_96' title='bbox 157 1701 247 1786; x_wconf 80' lang='lat' dir='ltr'><strong>locis3</strong></span> <span class='ocrx_word' id='word_1_97' title='bbox 271 1721 340 1786; x_wconf 82' lang='lat' dir='ltr'><strong>ego,</strong></span> <span class='ocrx_word' id='word_1_98' title='bbox 364 1701 456 1784; x_wconf 88' lang='lat' dir='ltr'><strong>siqua</strong></span> <span class='ocrx_word' id='word_1_99' title='bbox 480 1721 575 1782; x_wconf 90' lang='lat' dir='ltr'><strong>super</strong></span> <span class='ocrx_word' id='word_1_100' title='bbox 599 1699 729 1762; x_wconf 87' lang='lat' dir='ltr'><strong>fortuna</strong></span> <span class='ocrx_word' id='word_1_101' title='bbox 751 1698 900 1762; x_wconf 90' lang='lat' dir='ltr'><strong>laborum</strong></span> <span class='ocrx_word' id='word_1_102' title='bbox 924 1701 983 1784; x_wconf 87' lang='lat' dir='ltr'><strong>est,</strong></span> 
     </span>
    </p>

    <p class='ocr_par' dir='ltr' id='par_1_10' title="bbox 76 1792 1067 2076">
     <span class='ocr_line' id='line_1_16' title="bbox 77 1792 1067 1882; baseline 0.001 -23"><span class='ocrx_word' id='word_1_103' title='bbox 77 1796 134 1878; x_wconf 90' lang='lat' dir='ltr'><strong>ipsa</strong></span> <span class='ocrx_word' id='word_1_104' title='bbox 155 1797 279 1882; x_wconf 61' lang='lat' dir='ltr'><strong>regam?</strong></span> <span class='ocrx_word' id='word_1_105' title='bbox 327 1796 403 1860; x_wconf 89' lang='lat' dir='ltr'><strong>talis</strong></span> <span class='ocrx_word' id='word_1_106' title='bbox 427 1795 557 1860; x_wconf 76' lang='lat' dir='ltr'><strong>dederat</strong></span> <span class='ocrx_word' id='word_1_107' title='bbox 581 1792 733 1859; x_wconf 81' lang='lat' dir='ltr'><strong>Saturnia</strong></span> <span class='ocrx_word' id='word_1_108' title='bbox 755 1817 857 1859; x_wconf 83' lang='lat' dir='ltr'><strong>voces.</strong></span> <span class='ocrx_word' id='word_1_109' title='bbox 1016 1811 1067 1860; x_wconf 79' lang='lat' dir='ltr'><strong>ccc</strong></span> 
     </span>
     <span class='ocr_line' id='line_1_17' title="bbox 76 1879 1054 1976; baseline -0.002 -19"><span class='ocrx_word' id='word_1_110' title='bbox 76 1893 122 1957; x_wconf 89' lang='lat' dir='ltr'><strong>illa</strong></span> <span class='ocrx_word' id='word_1_111' title='bbox 142 1898 246 1958; x_wconf 88' lang='lat' dir='ltr'><strong>autem</strong></span> <span class='ocrx_word' id='word_1_112' title='bbox 268 1893 392 1959; x_wconf 90' lang='lat' dir='ltr'><strong>attollit</strong></span> <span class='ocrx_word' id='word_1_113' title='bbox 417 1892 584 1956; x_wconf 89' lang='lat' dir='ltr'><strong>stridentis</strong></span> <span class='ocrx_word' id='word_1_114' title='bbox 609 1892 768 1976; x_wconf 82' lang='lat' dir='ltr'><strong>anguibus</strong></span> <span class='ocrx_word' id='word_1_115' title='bbox 788 1893 855 1956; x_wconf 88' lang='lat' dir='ltr'><strong>alas</strong></span> <span class='ocrx_word' id='word_1_116' title='bbox 1051 1879 1054 1888; x_wconf 47' lang='lat'><strong>⁴</strong></span> 
     </span>
     <span class='ocr_line' id='line_1_18' title="bbox 77 1988 901 2076; baseline 0.001 -23"><span class='ocrx_word' id='word_1_117' title='bbox 77 1988 236 2076; x_wconf 71' lang='lat' dir='ltr'><strong>Cocytique</strong></span> <span class='ocrx_word' id='word_1_118' title='bbox 259 1991 341 2076; x_wconf 90' lang='lat' dir='ltr'><strong>petit</strong></span> <span class='ocrx_word' id='word_1_119' title='bbox 366 1991 481 2076; x_wconf 86' lang='lat' dir='ltr'><strong>sedem,</strong></span> <span class='ocrx_word' id='word_1_120' title='bbox 505 2012 600 2074; x_wconf 90' lang='lat' dir='ltr'><strong>super</strong></span> <span class='ocrx_word' id='word_1_121' title='bbox 624 1990 722 2053; x_wconf 92' lang='lat' dir='ltr'><strong>ardua</strong></span> <span class='ocrx_word' id='word_1_122' title='bbox 744 1990 901 2072; x_wconf 90' lang='lat' dir='ltr'><strong>linquens.</strong></span> 
     </span>
    </p>

    <p class='ocr_par' dir='ltr' id='par_1_11' title="bbox 76 2087 867 2172">
     <span class='ocr_line' id='line_1_19' title="bbox 76 2087 867 2172; baseline -0.001 -22"><span class='ocrx_word' id='word_1_123' title='bbox 76 2091 116 2151; x_wconf 92' lang='lat' dir='ltr'><strong>est</strong></span> <span class='ocrx_word' id='word_1_124' title='bbox 135 2089 221 2153; x_wconf 91' lang='lat' dir='ltr'><strong>locus</strong></span> <span class='ocrx_word' id='word_1_125' title='bbox 243 2089 356 2152; x_wconf 90' lang='lat' dir='ltr'><strong>ltaliae</strong></span> <span class='ocrx_word' id='word_1_126' title='bbox 379 2088 483 2152; x_wconf 88' lang='lat' dir='ltr'><strong>medio</strong></span> <span class='ocrx_word' id='word_1_127' title='bbox 508 2088 569 2151; x_wconf 88' lang='lat' dir='ltr'><strong>sub</strong></span> <span class='ocrx_word' id='word_1_128' title='bbox 592 2087 758 2150; x_wconf 89' lang='lat' dir='ltr'><strong>montibus</strong></span> <span class='ocrx_word' id='word_1_129' title='bbox 783 2087 867 2172; x_wconf 90' lang='lat' dir='ltr'><strong>altis,</strong></span> 
     </span>
    </p>

    <p class='ocr_par' dir='ltr' id='par_1_12' title="bbox 76 2183 853 2268">
     <span class='ocr_line' id='line_1_20' title="bbox 76 2183 853 2268; baseline 0 -22"><span class='ocrx_word' id='word_1_130' title='bbox 76 2184 180 2258; x_wconf 82' lang='lat' dir='ltr'><strong>nobilis</strong></span> <span class='ocrx_word' id='word_1_131' title='bbox 202 2191 234 2250; x_wconf 94' lang='lat' dir='ltr'><strong>et</strong></span> <span class='ocrx_word' id='word_1_132' title='bbox 256 2187 341 2250; x_wconf 83' lang='lat' dir='ltr'><strong>lama</strong></span> <span class='ocrx_word' id='word_1_133' title='bbox 363 2185 476 2248; x_wconf 86' lang='lat' dir='ltr'><strong>multis</strong></span> <span class='ocrx_word' id='word_1_134' title='bbox 499 2186 696 2248; x_wconf 89' lang='lat' dir='ltr'><strong>memoratus</strong></span> <span class='ocrx_word' id='word_1_135' title='bbox 720 2183 755 2246; x_wconf 92' lang='lat' dir='ltr'><strong>in</strong></span> <span class='ocrx_word' id='word_1_136' title='bbox 778 2183 853 2268; x_wconf 90' lang='lat' dir='ltr'><strong>oris,</strong></span> 
     </span>
    </p>

    <p class='ocr_par' dir='ltr' id='par_1_13' title="bbox 77 2279 1068 2949">
     <span class='ocr_line' id='line_1_21' title="bbox 77 2279 1067 2361; baseline 0.001 -16"><span class='ocrx_word' id='word_1_137' title='bbox 77 2283 216 2348; x_wconf 86' lang='lat' dir='ltr'><strong>amsancti</strong></span> <span class='ocrx_word' id='word_1_138' title='bbox 237 2283 349 2346; x_wconf 87' lang='lat' dir='ltr'><strong>valles:</strong></span> <span class='ocrx_word' id='word_1_139' title='bbox 374 2282 479 2345; x_wconf 90' lang='lat' dir='ltr'><strong>densis</strong></span> <span class='ocrx_word' id='word_1_140' title='bbox 502 2281 588 2344; x_wconf 90' lang='lat' dir='ltr'><strong>hunc</strong></span> <span class='ocrx_word' id='word_1_141' title='bbox 610 2279 778 2344; x_wconf 90' lang='lat' dir='ltr'><strong>frondibus</strong></span> <span class='ocrx_word' id='word_1_142' title='bbox 803 2285 909 2345; x_wconf 89' lang='lat' dir='ltr'><strong>atrum</strong></span> <span class='ocrx_word' id='word_1_143' title='bbox 1010 2297 1067 2361; x_wconf 78' lang='lat'><strong>‚565</strong></span> 
     </span>
     <span class='ocr_line' id='line_1_22' title="bbox 77 2366 1014 2464; baseline 0.002 -24"><span class='ocrx_word' id='word_1_144' title='bbox 77 2385 177 2464; x_wconf 81' lang='lat' dir='ltr'><strong>urguet</strong></span> <span class='ocrx_word' id='word_1_145' title='bbox 199 2380 361 2462; x_wconf 90' lang='lat' dir='ltr'><strong>utrimque</strong></span> <span class='ocrx_word' id='word_1_146' title='bbox 384 2379 468 2442; x_wconf 90' lang='lat' dir='ltr'><strong>latus</strong></span> <span class='ocrx_word' id='word_1_147' title='bbox 491 2378 641 2462; x_wconf 88' lang='lat' dir='ltr'><strong>nemoris,</strong></span> <span class='ocrx_word' id='word_1_148' title='bbox 663 2377 830 2462; x_wconf 89' lang='lat' dir='ltr'><strong>medioque</strong></span> <span class='ocrx_word' id='word_1_149' title='bbox 853 2366 1014 2462; x_wconf 77' lang='lat' dir='ltr'><strong>fragosusl</strong></span> 
     </span>
     <span class='ocr_line' id='line_1_23' title="bbox 78 2475 1018 2541; baseline 0.002 -5"><span class='ocrx_word' id='word_1_150' title='bbox 78 2475 122 2539; x_wconf 89' lang='lat' dir='ltr'><strong>dat</strong></span> <span class='ocrx_word' id='word_1_151' title='bbox 142 2478 280 2541; x_wconf 90' lang='lat' dir='ltr'><strong>sonitum</strong></span> <span class='ocrx_word' id='word_1_152' title='bbox 303 2476 388 2540; x_wconf 83' lang='lat' dir='ltr'><strong>saxis</strong></span> <span class='ocrx_word' id='word_1_153' title='bbox 412 2480 445 2540; x_wconf 89' lang='lat' dir='ltr'><strong>et</strong></span> <span class='ocrx_word' id='word_1_154' title='bbox 467 2479 556 2540; x_wconf 89' lang='lat' dir='ltr'><strong>torto</strong></span> <span class='ocrx_word' id='word_1_155' title='bbox 579 2475 697 2540; x_wconf 82' lang='lat' dir='ltr'><strong>vertice</strong></span> <span class='ocrx_word' id='word_1_156' title='bbox 717 2479 853 2539; x_wconf 84' lang='lat' dir='ltr'><strong>torrens.</strong></span> <span class='ocrx_word' id='word_1_157' title='bbox 1013 2486 1018 2538; x_wconf 85' lang='lat' dir='ltr'><strong>t</strong></span> 
     </span>
     <span class='ocr_line' id='line_1_24' title="bbox 77 2571 923 2658; baseline 0.002 -25"><span class='ocrx_word' id='word_1_158' title='bbox 77 2571 120 2636; x_wconf 87' lang='lat' dir='ltr'><strong>hic</strong></span> <span class='ocrx_word' id='word_1_159' title='bbox 139 2595 246 2658; x_wconf 88' lang='lat' dir='ltr'><strong>specus</strong></span> <span class='ocrx_word' id='word_1_160' title='bbox 269 2574 465 2638; x_wconf 87' lang='lat' dir='ltr'><strong>horrendum</strong></span> <span class='ocrx_word' id='word_1_161' title='bbox 488 2577 520 2636; x_wconf 92' lang='lat' dir='ltr'><strong>et</strong></span> <span class='ocrx_word' id='word_1_162' title='bbox 544 2573 630 2636; x_wconf 82' lang='lat' dir='ltr'><strong>saevi</strong></span> <span class='ocrx_word' id='word_1_163' title='bbox 653 2571 813 2654; x_wconf 85' lang='lat' dir='ltr'><strong>spiracula</strong></span> <span class='ocrx_word' id='word_1_164' title='bbox 836 2571 923 2635; x_wconf 89' lang='lat' dir='ltr'><strong>Ditis</strong></span> 
     </span>
     <span class='ocr_line' id='line_1_25' title="bbox 77 2667 957 2755; baseline 0.003 -24"><span class='ocrx_word' id='word_1_165' title='bbox 77 2674 290 2755; x_wconf 84' lang='lat' dir='ltr'><strong>monstrantur,</strong></span> <span class='ocrx_word' id='word_1_166' title='bbox 311 2675 472 2753; x_wconf 90' lang='lat' dir='ltr'><strong>ruptoque</strong></span> <span class='ocrx_word' id='word_1_167' title='bbox 494 2671 608 2754; x_wconf 86' lang='lat' dir='ltr'><strong>ingens</strong></span> <span class='ocrx_word' id='word_1_168' title='bbox 631 2667 814 2733; x_wconf 87' lang='lat' dir='ltr'><strong>Acheronte</strong></span> <span class='ocrx_word' id='word_1_169' title='bbox 837 2690 957 2754; x_wconf 81' lang='lat' dir='ltr'><strong>vorago</strong></span> 
     </span>
     <span class='ocr_line' id='line_1_26' title="bbox 78 2765 1068 2853; baseline 0.008 -27"><span class='ocrx_word' id='word_1_170' title='bbox 78 2767 227 2844; x_wconf 89' lang='lat' dir='ltr'><strong>pestiferas</strong></span> <span class='ocrx_word' id='word_1_171' title='bbox 251 2767 353 2850; x_wconf 89' lang='lat' dir='ltr'><strong>aperit</strong></span> <span class='ocrx_word' id='word_1_172' title='bbox 375 2766 491 2853; x_wconf 82' lang='lat' dir='ltr'><strong>fauces,</strong></span> <span class='ocrx_word' id='word_1_173' title='bbox 515 2766 587 2850; x_wconf 91' lang='lat' dir='ltr'><strong>quis</strong></span> <span class='ocrx_word' id='word_1_174' title='bbox 611 2765 739 2830; x_wconf 89' lang='lat' dir='ltr'><strong>condita</strong></span> <span class='ocrx_word' id='word_1_175' title='bbox 763 2766 879 2852; x_wconf 90' lang='lat' dir='ltr'><strong>erinys,</strong></span> <span class='ocrx_word' id='word_1_176' title='bbox 1017 2785 1068 2834; x_wconf 76' lang='lat'><strong>5¹10</strong></span> 
     </span>
     <span class='ocr_line' id='line_1_27' title="bbox 78 2857 841 2949; baseline 0.005 -27"><span class='ocrx_word' id='word_1_177' title='bbox 78 2857 200 2928; x_wconf 85' lang='lat' dir='ltr'><strong>invisum</strong></span> <span class='ocrx_word' id='word_1_178' title='bbox 220 2886 349 2949; x_wconf 88' lang='lat' dir='ltr'><strong>numen,</strong></span> <span class='ocrx_word' id='word_1_179' title='bbox 370 2867 472 2927; x_wconf 89' lang='lat' dir='ltr'><strong>terras</strong></span> <span class='ocrx_word' id='word_1_180' title='bbox 495 2864 681 2946; x_wconf 88' lang='lat' dir='ltr'><strong>caelumque</strong></span> <span class='ocrx_word' id='word_1_181' title='bbox 703 2862 841 2927; x_wconf 80' lang='lat' dir='ltr'><strong>levabat.</strong></span> 
     </span>
    </p>

    <p class='ocr_par' dir='ltr' id='par_1_14' title="bbox 25 2955 1066 3433">
     <span class='ocr_line' id='line_1_28' title="bbox 25 2955 923 3025; baseline 0.004 -4"><span class='ocrx_word' id='word_1_182' title='bbox 25 3005 29 3016; x_wconf 86' lang='lat'><strong>.</strong></span> <span class='ocrx_word' id='word_1_183' title='bbox 113 2955 174 3024; x_wconf 89' lang='lat' dir='ltr'><strong>Nec</strong></span> <span class='ocrx_word' id='word_1_184' title='bbox 193 2961 299 3025; x_wconf 89' lang='lat' dir='ltr'><strong>minus</strong></span> <span class='ocrx_word' id='word_1_185' title='bbox 321 2960 444 3024; x_wconf 91' lang='lat' dir='ltr'><strong>interea</strong></span> <span class='ocrx_word' id='word_1_186' title='bbox 467 2964 641 3024; x_wconf 85' lang='lat' dir='ltr'><strong>extremam</strong></span> <span class='ocrx_word' id='word_1_187' title='bbox 664 2958 815 3024; x_wconf 84' lang='lat' dir='ltr'><strong>Saturnia</strong></span> <span class='ocrx_word' id='word_1_188' title='bbox 838 2960 923 3025; x_wconf 90' lang='lat' dir='ltr'><strong>bello</strong></span> 
     </span>
     <span class='ocr_line' id='line_1_29' title="bbox 78 3049 923 3143; baseline 0.007 -29"><span class='ocrx_word' id='word_1_189' title='bbox 78 3049 199 3135; x_wconf 91' lang='lat' dir='ltr'><strong>imponit</strong></span> <span class='ocrx_word' id='word_1_190' title='bbox 220 3059 330 3143; x_wconf 85' lang='lat' dir='ltr'><strong>regina</strong></span> <span class='ocrx_word' id='word_1_191' title='bbox 352 3079 490 3122; x_wconf 89' lang='lat' dir='ltr'><strong>manum.</strong></span> <span class='ocrx_word' id='word_1_192' title='bbox 535 3058 602 3121; x_wconf 89' lang='lat' dir='ltr'><strong>ruit</strong></span> <span class='ocrx_word' id='word_1_193' title='bbox 626 3058 729 3122; x_wconf 89' lang='lat' dir='ltr'><strong>omnis</strong></span> <span class='ocrx_word' id='word_1_194' title='bbox 752 3058 787 3120; x_wconf 94' lang='lat' dir='ltr'><strong>in</strong></span> <span class='ocrx_word' id='word_1_195' title='bbox 810 3056 923 3121; x_wconf 90' lang='lat' dir='ltr'><strong>urbem</strong></span> 
     </span>
     <span class='ocr_line' id='line_1_30' title="bbox 79 3152 937 3237; baseline 0.005 -25"><span class='ocrx_word' id='word_1_196' title='bbox 79 3152 227 3226; x_wconf 89' lang='lat' dir='ltr'><strong>pastorum</strong></span> <span class='ocrx_word' id='word_1_197' title='bbox 249 3176 288 3218; x_wconf 86' lang='lat' dir='ltr'><strong>ex</strong></span> <span class='ocrx_word' id='word_1_198' title='bbox 311 3154 378 3218; x_wconf 87' lang='lat' dir='ltr'><strong>acis</strong></span> <span class='ocrx_word' id='word_1_199' title='bbox 399 3175 551 3218; x_wconf 86' lang='lat' dir='ltr'><strong>numerus</strong></span> <span class='ocrx_word' id='word_1_200' title='bbox 574 3176 747 3237; x_wconf 89' lang='lat' dir='ltr'><strong>caesosque</strong></span> <span class='ocrx_word' id='word_1_201' title='bbox 770 3157 937 3237; x_wconf 89' lang='lat' dir='ltr'><strong>reportant</strong></span> 
     </span>
     <span class='ocr_line' id='line_1_31' title="bbox 78 3240 1066 3335; baseline 0.009 -25"><span class='ocrx_word' id='word_1_202' title='bbox 78 3240 230 3315; x_wconf 72' lang='lat' dir='ltr'><strong>Almonem</strong></span> <span class='ocrx_word' id='word_1_203' title='bbox 252 3274 387 3335; x_wconf 89' lang='lat' dir='ltr'><strong>puerum</strong></span> <span class='ocrx_word' id='word_1_204' title='bbox 410 3251 591 3335; x_wconf 88' lang='lat' dir='ltr'><strong>foedatique</strong></span> <span class='ocrx_word' id='word_1_205' title='bbox 616 3273 672 3315; x_wconf 90' lang='lat' dir='ltr'><strong>ora</strong></span> <span class='ocrx_word' id='word_1_206' title='bbox 696 3250 824 3315; x_wconf 84' lang='lat' dir='ltr'><strong>Galaesi</strong></span> <span class='ocrx_word' id='word_1_207' title='bbox 1016 3269 1066 3319; x_wconf 78' lang='lat'><strong>575</strong></span> 
     </span>
     <span class='ocr_line' id='line_1_32' title="bbox 79 3336 868 3433; baseline 0.008 -27"><span class='ocrx_word' id='word_1_208' title='bbox 79 3336 297 3433; x_wconf 84' lang='lat' dir='ltr'><strong>implorantque</strong></span> <span class='ocrx_word' id='word_1_209' title='bbox 320 3350 396 3414; x_wconf 93' lang='lat' dir='ltr'><strong>deos</strong></span> <span class='ocrx_word' id='word_1_210' title='bbox 420 3348 687 3432; x_wconf 86' lang='lat' dir='ltr'><strong>obtestanturque</strong></span> <span class='ocrx_word' id='word_1_211' title='bbox 709 3348 868 3413; x_wconf 87' lang='lat' dir='ltr'><strong>Latinum.</strong></span> 
     </span>
    </p>

    <p class='ocr_par' dir='ltr' id='par_1_15' title="bbox 79 3429 976 3628">
     <span class='ocr_line' id='line_1_33' title="bbox 79 3429 976 3532; baseline 0.007 -28"><span class='ocrx_word' id='word_1_212' title='bbox 79 3429 188 3508; x_wconf 71' lang='lat' dir='ltr'><strong>lllrnus</strong></span> <span class='ocrx_word' id='word_1_213' title='bbox 212 3447 299 3511; x_wconf 89' lang='lat' dir='ltr'><strong>adest</strong></span> <span class='ocrx_word' id='word_1_214' title='bbox 321 3447 489 3530; x_wconf 90' lang='lat' dir='ltr'><strong>medioque</strong></span> <span class='ocrx_word' id='word_1_215' title='bbox 512 3446 547 3510; x_wconf 92' lang='grc'><strong>111</strong></span> <span class='ocrx_word' id='word_1_216' title='bbox 570 3446 701 3510; x_wconf 87' lang='lat' dir='ltr'><strong>crimine</strong></span> <span class='ocrx_word' id='word_1_217' title='bbox 724 3446 828 3511; x_wconf 89' lang='lat' dir='ltr'><strong>caedis</strong></span> <span class='ocrx_word' id='word_1_218' title='bbox 852 3450 884 3510; x_wconf 91' lang='lat' dir='ltr'><strong>et</strong></span> <span class='ocrx_word' id='word_1_219' title='bbox 907 3447 976 3532; x_wconf 84' lang='lat' dir='ltr'><strong>igni</strong></span> 
     </span>
     <span class='ocr_line' id='line_1_34' title="bbox 81 3531 909 3628; baseline 0.019 -38"><span class='ocrx_word' id='word_1_220' title='bbox 81 3531 217 3605; x_wconf 87' lang='lat' dir='ltr'><strong>terrorem</strong></span> <span class='ocrx_word' id='word_1_221' title='bbox 238 3543 428 3628; x_wconf 87' lang='lat' dir='ltr'><strong>ingeminat:</strong></span> <span class='ocrx_word' id='word_1_222' title='bbox 452 3543 591 3609; x_wconf 87' lang='lat' dir='ltr'><strong>Teucros</strong></span> <span class='ocrx_word' id='word_1_223' title='bbox 614 3544 649 3607; x_wconf 90' lang='lat' dir='ltr'><strong>in</strong></span> <span class='ocrx_word' id='word_1_224' title='bbox 672 3564 770 3628; x_wconf 84' lang='lat' dir='ltr'><strong>regna</strong></span> <span class='ocrx_word' id='word_1_225' title='bbox 793 3543 909 3628; x_wconf 89' lang='lat' dir='ltr'><strong>vocari,</strong></span> 
     </span>
    </p>
   </div>
   <div class='ocr_carea' id='block_1_3' title="bbox 0 0 1274 3970">
    <p class='ocr_par' dir='ltr' id='par_1_16' title="bbox 0 0 1274 3970">
     <span class='ocr_line' id='line_1_35' title="bbox 0 0 1274 3970; baseline 0 0"><span class='ocrx_word' id='word_1_226' title='bbox 0 0 1274 3970; x_wconf 95' lang='lat' dir='ltr'><strong> </strong></span> 
     </span>
    </p>
   </div>
  </div>
 </body>
</html>
