2580 3962
191 251 217 304 X
499 249 546 303 DE
566 250 654 304 VITA
671 249 718 304 ΕΤ
738 250 896 305 SCRIPTIS

192 411 291 474 iambi
311 409 494 476 Catulliano
515 411 590 476 stilo
609 411 697 495 digni
718 409 822 498 (catal.
837 411 892 498 V),
911 413 1027 495 quibus
1046 417 1083 476 ut
1101 413 1207 496 philo-

193 509 325 591 sophiae
348 513 478 590 portum
501 513 613 591 petens
637 509 722 572 etin
746 510 851 573 ‘docta
869 510 964 573 dicta'
990 511 1099 594 magni
1119 508 1208 574 Siro-

191 606 243 669 nis
275 609 345 669 toto
377 605 482 670 animo
511 627 684 669 conversus
714 606 818 669 valere
850 606 940 670 iubet
973 610 1005 669 et
1037 607 1206 670 rhetorum

192 703 304 766 inanes
320 703 476 784 ampullas
492 708 524 766 et
540 702 813 787 scholasticorum,
830 703 861 766 h.
877 723 902 766 e.
920 704 1209 787 grammaticorum

192 800 355 863 nationem
384 800 509 884 ‘pingui
537 799 728 864 madentem’
755 803 786 862 et
809 821 883 862 vero
913 800 1019 863 dulces
1048 821 1209 884 camenas,

193 918 273 979 ques
305 897 390 978 quod
420 901 514 980 rogat
544 899 581 960 ut
613 898 771 978 ‘pudenter
800 901 832 959 et
862 896 945 959 rero'
978 896 1104 960 chartas
1135 897 1208 960 eius

193 994 347 1076 revisant,
375 993 536 1056 lasciviori
563 993 769 1076 potissimum
797 993 973 1057 carminum
1001 995 1124 1078 generi,
1154 995 1209 1058 cui

194 1089 340 1153 solebant
379 1090 589 1174 elegantiores
629 1089 775 1154 homines
818 1091 857 1154 ad
894 1088 1014 1155 Catulli
1051 1088 1209 1174 Calvique

193 1188 356 1270 exemplar
378 1187 553 1273 indulgere,
577 1187 760 1251 adulescens
784 1186 849 1250 illis
874 1187 1001 1271 quidem
1020 1187 1111 1250 annis
1134 1209 1209 1270 ope-

194 1304 263 1346 ram
287 1283 411 1345 dedisse
434 1281 600 1370 videtur1).

260 1379 328 1443 Nec
350 1403 502 1463 umquam
527 1381 674 1462 deposuit
698 1380 921 1464 philosophiae
940 1380 1091 1464 studium,
1114 1381 1208 1444 euius

196 1481 228 1540 et
251 1476 375 1540 fructus
403 1477 437 1539 in
465 1477 658 1540 carminibus
684 1477 816 1560 reliquit
840 1477 1045 1541 suavissimos
1069 1475 1140 1564 (ecl.
1159 1477 1208 1542 Vl

195 1574 235 1637 31
258 1595 326 1656 sqq.
351 1595 390 1658 ge
413 1572 459 1637 IV
479 1575 541 1637 219
563 1595 631 1658 sqq.
655 1574 733 1637 Aen.
757 1573 854 1638 1742
876 1595 944 1657 sqq.
968 1571 1013 1637 VI
1038 1574 1102 1638 724
1122 1573 1207 1662 sqq.)

194 1675 226 1734 et
253 1670 363 1733 laudes
391 1671 505 1733 cecinit
533 1671 567 1732 in
596 1691 643 1754 ge.
667 1669 698 1733 ΙΙ
720 1671 786 1734 475
806 1692 874 1753 sqq.
906 1670 983 1753 quid
1006 1671 1092 1754 quod
1115 1672 1208 1736 abso-

194 1769 264 1832 luta
286 1766 427 1830 Aeneide
455 1767 611 1849 reliquam
638 1767 739 1830 vitam
766 1772 869 1830 totam
898 1767 926 1830 ei
955 1767 1066 1831 dedere
1090 1771 1208 1832 consti-

194 1862 347 1951 uersu),
379 1864 445 1926 sive
475 1864 657 1927 meditando
689 1868 720 1927 et
750 1863 883 1949 legendo
915 1865 982 1928 sive
1012 1866 1098 1948 quod
1128 1867 1207 1930 olim

194 1965 361 2045 optaverat
389 1965 535 2043 poemate
564 1962 602 2024 ad
630 1960 771 2025 Lucretii
800 1961 980 2043 exemplum
1012 1960 1107 2025 ‘caeli
1137 1963 1207 2026 vies

194 2064 227 2121 et
252 2057 372 2121 'sidera'
401 2057 647 2140 universamque
674 2080 781 2121 rerum
808 2061 957 2121 naturam
980 2059 1206 2140 explicaturus.

197 2258 337 2313 Oouuelius
351 2259 456 2322 ordeni,
479 2257 514 2311 Te
527 2258 580 2311 eibi
594 2258 704 2326 quisque
717 2259 801 2327 rupit,
815 2275 866 2326 per
879 2265 904 2313 te
917 2259 1038 2312 uicimus
1051 2259 1083 2312 iu
1096 2262 1204 2312 ueouua'

195 2329 303 2382 Phooas
322 2345 347 2382 v.
368 2333 401 2380 63
416 2345 474 2395 sqq.
507 2328 579 2381 ‘cult
597 2329 693 2396 exequi
710 2337 808 2383 sectum
826 2329 1004 2396 Epicureum,
1027 2345 1109 2397 quoue
1132 2331 1206 2384 didi-

194 2407 287 2454 eeruut
301 2407 357 2453 tuuc
370 2399 504 2468 Vei-quius
517 2416 599 2467 quum
613 2399 703 2453 Verus
716 2400 825 2453 docente
839 2399 948 2454 Siroue’
970 2397 1081 2452 Servius
1100 2400 1137 2452 ad
1154 2400 1205 2454 ecl.

195 2471 233 2522 VI
249 2477 289 2524 13.
320 2471 368 2523 ‘eu
385 2471 487 2523 lituique
505 2476 594 2522 auteur
609 2476 690 2538 purte
704 2469 826 2524 Sironem
844 2471 875 2523 id
893 2477 930 2524 est
948 2471 1107 2540 masuerum
1125 2488 1207 2525 suum
1287 2481 1288 2522 ς

195 2542 363 2609 Epicureum
381 2540 517 2609 sequituu'
534 2539 609 2592 idem
628 2539 664 2592 ad
683 2540 750 2594 Aen.
764 2541 803 2594 VI
817 2546 876 2594 264.
905 2539 939 2594 cf.
956 2541 1040 2594 schol.
1050 2541 1152 2595 Veron.
1168 2543 1207 2594 ad

195 2611 246 2665 ecl.
261 2611 300 2664 VI
319 2616 333 2662 9
352 2628 379 2679 p.
397 2616 442 2678 74,
458 2615 473 2662 5
488 2609 520 2661 Κ.
551 2610 622 2676 ‘fuit
644 2617 734 2665 euicui
753 2611 842 2665 Varus
865 2612 1066 2680 condiscipulus
1085 2612 1206 2682 Vispilii,
1287 2619 1288 2643 ¹

195 2699 272 2753 quem
295 2683 416 2748 fraterno
435 2697 525 2736 uiieore
544 2682 654 2734 dileuii’
681 2681 766 2735 schol.
787 2682 866 2735 Bern.
887 2681 923 2733 ad
943 2682 991 2735 ecl.
1008 2681 1047 2734 VI
1067 2688 1107 2735 11.
1137 2681 1205 2736 alle·
1286 2669 1287 2726 ἦ

195 2753 302 2822 gorista
316 2751 462 2821 imperitus
476 2749 558 2804 finxit
577 2767 648 2818 quae
667 2751 772 2804 ibidem
786 2752 823 2804 ad
837 2771 862 2805 v.
877 2759 910 2805 13
929 2752 1113 2808 adnotantur:
1135 2753 1203 2808 ‘tos'
1285 2767 1286 2770 ’

195 2822 338 2892 (Chromin
357 2825 385 2874 et
403 2821 584 2888 Mnasyllum)
606 2823 665 2890 ‘pro
684 2824 878 2891 eondiscipulis
892 2823 1005 2893 Viryiiii
1022 2825 1142 2891 occipere
1160 2826 1204 2880 de-

194 2897 297 2960 bemus,
322 2893 392 2947 Varo
411 2893 511 2946 seilicet
530 2900 554 2946 et
574 2893 676 2960 Tueeu,
697 2895 745 2962 qui
759 2901 868 2962 poetam
886 2896 965 2963 quusi
984 2893 1105 2948 Silenum
1119 2896 1204 2963 petie-

195 2972 261 3020 uuut
279 2965 392 3018 seribere
411 2963 551 3016 bucolicu’
582 2962 665 3017 Siuou
683 2966 806 3033 ((είρων)
828 2963 949 3016 nominis
972 2962 1090 3017 formam
1113 2964 1204 3018 vindi·

195 3035 271 3089 eavit
285 3034 424 3103 Hauptius
439 3033 530 3087 Herm.
546 3034 558 3084 l
572 3052 598 3101 p.
613 3040 647 3086 40
659 3051 698 3101 sq.
728 3033 792 3087 Non
810 3033 948 3096 Alfenum,
968 3035 1017 3087 sed
1037 3034 1204 3098 Quintilium

194 3105 301 3159 Varum
316 3103 527 3158 Cremonensem
542 3103 646 3157 Sironis
666 3103 816 3173 disciplina
834 3121 968 3157 unacum
982 3104 1107 3172 Vergilio
1122 3123 1204 3158 usum

195 3193 255 3230 csse
276 3175 330 3228 sibi
348 3174 489 3244 persuasit
506 3175 608 3228 Koerte
628 3192 697 3228 mus.
717 3176 768 3229 Rh.
788 3175 861 3228 XLV
876 3181 926 3228 172
942 3193 1000 3244 sqq.

269 3247 288 3314 ¹)
313 3247 399 3300 ‘iuter
416 3247 495 3314 quos’
522 3245 581 3314 (qui
604 3262 699 3298 versus
725 3263 824 3316 parum
852 3261 962 3299 severos
987 3245 1123 3315 fecerunt)
1149 3249 1204 3303 ‘oei

191 3320 338 3388 praecipue
351 3317 536 3370 uuuzeiuudus
550 3323 587 3368 esi
601 3315 633 3370 P.
650 3317 793 3386 Vespiliua
814 3315 955 3371 Ooruelius
969 3317 1068 3384 Nepos,
1087 3325 1111 3371 ei
1123 3320 1204 3386 prius

195 3390 297 3442 Accius
316 3388 489 3455 Euuiusque’
510 3384 618 3438 Plinius
638 3386 718 3454 epist.
734 3386 759 3438 V
773 3392 797 3453 3,
818 3392 841 3440 6.

268 3458 288 3526 ²)
309 3459 482 3580 ‘uiRreliquu
506 3457 564 3510 uita
587 3463 694 3509 tautum
713 3458 902 3526 philosophiae
924 3458 1046 3511 uacuuei’
1075 3457 1202 3512 Donatus

193 3549 219 3598 p.
241 3535 282 3595 62,
303 3534 336 3580 16
381 3573 386 3582 .
