2552 3958
392 270 540 326 vanem
557 269 701 326 ECLOGA
718 270 744 324 X
1026 268 1069 332 29

75 432 156 496 malle
177 433 246 515 pati
269 433 452 515 tenerisque
475 455 564 497 meos
587 432 725 496 incidere
748 453 873 497 amores

76 529 246 594 arboribus:
269 534 411 594 oresoent
433 530 522 614 illae,
544 529 693 594 oresoetis
716 549 848 592 amores,

37 633 49 680 3
75 627 181 690 interea
202 627 315 690 mixtis
336 626 483 690 lustrabo
506 626 654 690 Maenala
674 625 841 710 nymphis,
1036 641 1071 688 os

75 727 121 788 aut
141 724 221 788 aeris
243 725 385 788 venabor
408 745 510 807 apros.
555 744 622 786 non
643 745 694 787 me
717 723 784 786 ulla
805 722 962 786 vetabunt

73 821 182 906 frigora
204 820 396 885 Parthenios
420 821 552 885 oanibus
575 820 768 884 circumdare
791 819 902 883 saltus.

74 919 127 982 iam
147 919 228 983 mihi
249 941 307 1002 per
328 941 425 1003 rupes
447 919 558 982 videor
579 919 733 1001 Inoosque
757 917 902 980 sonantis

74 1015 124 1100 ire,
144 1015 224 1080 libet
245 1013 367 1080 Partho
386 1019 537 1100 torquere
560 1013 704 1098 Cydonia
726 1035 827 1078 oornu

36 1109 193 1196 B‘1spieula.
234 1117 400 1197 tamquam
416 1113 495 1177 haee
513 1113 557 1176 sit
574 1110 680 1176 nostri
696 1110 854 1176 medicina
871 1109 990 1174 furoris
1037 1127 1070 1175 oo

74 1214 121 1273 aut
142 1209 218 1274 deus
240 1210 297 1274 ille
319 1209 412 1274 malis
434 1207 602 1273 hominum
623 1207 790 1271 mitescere
812 1207 922 1271 discat.

36 1321 47 1368 a
73 1307 128 1370 iam
147 1328 251 1390 neque
272 1305 502 1389 hamadryades
524 1328 637 1370 rusum
658 1328 762 1389 neque
785 1305 925 1369 earmina
946 1303 1042 1368 nobis

73 1403 134 1486 ipsa
155 1403 296 1487 placens
318 1403 407 1486 ipsae
429 1423 542 1466 rursus
565 1402 727 1466 oonoedite
751 1401 858 1466 silvae.

72 1521 129 1564 non
148 1501 243 1564 illum
263 1500 370 1564 nostri
391 1503 530 1584 possunt
551 1505 677 1564 mutare
698 1498 840 1562 labores:

35 1604 47 1650 3
72 1617 121 1660 neo
143 1596 170 1660 si
191 1594 371 1680 frigoribus
393 1595 507 1659 mediis
525 1595 734 1680 Hebrumque
757 1595 907 1660 bibamus
1038 1613 1071 1662 65

74 1691 291 1776 Sithoniasque
312 1693 402 1756 nives
424 1691 540 1757 hiemis
563 1693 734 1758 subeamus
757 1714 911 1776 aquosae,

72 1812 121 1854 neo
143 1791 184 1876 si,
207 1812 280 1854 eum
302 1790 443 1854 moriens
466 1792 533 1854 alta
554 1791 637 1854 liber
660 1790 787 1854 aretin
808 1789 911 1874 ulmo,

73 1885 260 1971 Aethiopum
281 1909 444 1951 versemus
467 1889 537 1952 ovis
561 1888 622 1952 sub
646 1889 749 1952 sidere
772 1887 884 1951 eanori

74 1984 169 2048 omnia
190 1984 292 2048 vineit
314 1983 428 2048 Amor:
452 1987 484 2048 et
506 2006 566 2049 nos
590 1985 738 2049 cedamus
759 1983 894 2048 Amori’

35 2077 67 2143 εἰ
110 2081 196 2146 Haeo
218 2086 270 2145 sat
292 2081 369 2166 erit,
390 2082 494 2166 divae,
515 2086 660 2146 vestrum
681 2082 833 2146 oecinisse
855 2086 997 2166 poetam,
1039 2101 1071 2148 ro

74 2178 139 2242 dum
160 2179 249 2244 sedet
271 2183 304 2244 et
326 2179 439 2264 gracili
461 2179 615 2243 fiseeham
635 2179 718 2244 texit
740 2179 882 2263 hibisco,

73 2273 215 2340 Pierides:
237 2297 297 2342 vos
318 2275 397 2340 haee
418 2276 544 2340 faoietis
566 2277 707 2340 maxima
729 2275 839 2362 Gallo,

37 2387 48 2433 2
75 2370 171 2458 Gallo,
193 2373 285 2437 euius
308 2395 398 2438 amor
419 2377 548 2436 tantum
569 2373 650 2437 mihi
672 2374 786 2437 erescit
808 2373 844 2436 in
864 2372 977 2459 horas,

76 2473 219 2551 quantum
240 2492 315 2534 vere
335 2491 420 2535 novo
442 2470 554 2534 viridis
578 2492 612 2534 se
635 2470 755 2534 subioit
778 2469 879 2534 alnus.
933 2551 938 2560 ι

37 2581 49 2628 a
76 2587 240 2651 surgamus.
282 2567 365 2631 solet
387 2589 457 2631 esse
479 2566 586 2652 gravis
609 2566 817 2630 cantantibus
841 2566 969 2651 umbra,
1038 2585 1071 2634 ‘15

75 2662 200 2748 iuniperi
222 2665 330 2749 gravis
352 2664 479 2750 umbra,
499 2667 618 2727 nocent
639 2668 672 2727 et
694 2663 844 2748 frugibus
867 2662 1008 2728 umbrae.

75 2758 114 2823 ite
133 2761 259 2825 domum
277 2765 419 2846 saturae,
440 2761 529 2824 venit
550 2759 731 2845 Hesperus,
752 2760 798 2823 ite
820 2760 967 2843 capellae.

1101 2141 1107 2189 1

1101 2212 1105 2239 ι

395 2912 515 3034 Mami
547 2935 668 3034 &aare
713 2931 845 3040 (111.»ῑῖ

825 3066 891 3101 ιιῙι“ι

461 3169 673 3177 ——-—-—
