2612 3964
420 314 570 370 VERGILI
589 313 721 368 AENEIS
740 314 766 368 11
1030 310 1092 375 133

78 500 155 541 eum
179 479 275 542 sociis
299 477 410 542 ardent
434 477 548 560 animi,
570 478 662 540 furor
683 476 795 560 iraque
817 478 957 539 mentem

77 575 311 660 praecipitant,
333 574 565 658 pulchrumque
588 572 671 636 mori
695 572 851 636 suoourrit
874 572 910 635 in
932 570 1038 635 armis.

123 671 210 736 Eece
234 675 341 735 autem
364 671 437 734 teh's
462 669 606 733 Panthus
630 669 757 752 elapsus
780 668 951 753 Achivom,

77 766 229 831 Panthus
254 766 448 854 Othryades,
471 768 552 830 areis
574 765 761 850 Phoebique
784 766 945 850 sacerdos,

79 887 175 929 saera
197 887 295 929 manu
317 866 484 948 victosque
508 864 582 928 deos
606 885 802 947 paryomque
824 867 974 945 nepotem
1042 876 1093 926 320

78 963 151 1045 ipse
175 961 292 1048 trahit,
315 983 473 1046 cursuque
497 981 604 1024 amens
627 960 666 1023 ad
688 960 801 1023 limina
823 959 934 1022 tendit.

79 1061 159 1143 ‘quo
175 1081 226 1123 res
241 1081 366 1122 summa
379 1059 460 1144 loeo,
477 1057 628 1122 Panthu?
648 1079 743 1141 quam
756 1057 940 1140 prendimus
957 1051 1093 1120 aream?'

78 1158 134 1220 vix
159 1177 198 1221 ea
220 1157 308 1219 fatus
332 1178 431 1242 eram,
454 1156 577 1240 gemitu
599 1176 672 1218 oum
694 1155 772 1218 talia
795 1155 911 1218 reddit:

79 1253 186 1318 ‘venit
210 1274 334 1317 summa
357 1253 424 1316 dies
447 1256 480 1316 et
502 1252 706 1316 ineluetabile
729 1255 855 1335 tempus

78 1349 273 1415 Dardaniae.
319 1350 440 1413 fuimus
463 1349 578 1435 Troes,
600 1348 663 1412 fuit
686 1348 783 1412 Ilium
805 1351 837 1412 et
860 1349 972 1432 ingens
1043 1362 1094 1409 32⁶

79 1448 189 1533 gloria
211 1444 418 1530 Teucrorum3
441 1446 527 1510 ferus
552 1447 659 1510 omnia
681 1444 827 1529 Iuppiter
851 1445 956 1529 Argos

79 1541 268 1626 transtulit3
291 1541 420 1605 insensa
443 1540 548 1605 Danai
571 1543 778 1606 dominantur
800 1544 835 1607 in
857 1543 943 1606 urbe.

79 1643 203 1707 arduus
228 1641 369 1703 armatos
392 1639 505 1702 mediis
528 1639 563 1703 in
584 1640 753 1703 moenibus
777 1644 885 1704 astans

79 1738 192 1804 fundit
215 1758 331 1822 equus,
353 1736 519 1818 victorque
543 1734 644 1800 Sinon
666 1737 811 1800 incendia
832 1737 945 1802 miscet

79 1835 269 1900 insultans..
299 1833 403 1917 portis
428 1833 483 1896 alii
506 1833 726 1916 bipatentibus
750 1835 880 1920 adsunt,
1043 1846 1095 1895 330

79 1933 175 1997 milia
198 1933 279 2014 quot
302 1931 427 2016 magnis
451 1951 604 2014 umquam
626 1952 740 1994 venere
762 1931 918 2014 Myoenis3

80 2029 238 2095 obsedere
261 2027 317 2091 alii
339 2027 414 2091 telis
439 2031 576 2111 angusta
598 2026 723 2090 viarum

81 2124 260 2212 oppositis3
284 2127 351 2188 stat
373 2123 451 2187 ferri
474 2124 557 2188 aoies
580 2145 731 2187 mucrone
754 2145 885 2188 corusco

81 2225 214 2307 stricta,
235 2225 350 2304 parata
372 2221 455 2305 neoi;
477 2221 532 2284 vix
554 2220 651 2304 primi
673 2221 796 2303 proelia
818 2224 979 2304 temptant

80 2323 254 2405 portarum
276 2317 391 2401 vigiles
414 2321 447 2381 et
469 2339 561 2382 eaeoo
584 2316 688 2381 Marte
711 2318 889 2382 resistunt'
1044 2335 1095 2382 336
1144 2311 1147 2318 ’

81 2417 208 2481 talibus
232 2412 415 2498 Othryadae
437 2414 530 2478 dietis
554 2417 586 2478 et
608 2415 738 2478 numine
762 2416 869 2479 divom

82 2512 289 2578 inflammas
313 2515 345 2575 et
367 2511 402 2574 in
425 2533 512 2574 arma
534 2511 634 2595 feror,
658 2533 720 2595 quo
745 2513 849 2576 tristis
873 2512 1007 2598 Erinys,

84 2631 150 2694 quo
174 2608 323 2673 fremitus
346 2612 440 2672 vocat
464 2613 495 2671 et
518 2607 665 2672 sublatus
689 2609 729 2672 ad
752 2609 880 2672 aethera
904 2609 1031 2673 elamor.

85 2708 209 2771 addunt
232 2727 266 2768 se
289 2704 393 2769 sooios
415 2703 560 2788 Ripheus
584 2709 616 2768 et
638 2705 796 2769 maximus
820 2707 916 2769 armis

85 2805 215 2888 Epytus
239 2802 341 2865 oblati
364 2823 421 2884 per
443 2801 553 2865 lunam
574 2800 786 2886 Hypanisque
808 2802 993 2888 Dymasque
1044 2821 1095 2869 340

86 2905 119 2964 et
139 2899 237 2964 lateri
261 2898 481 2982 adglomerant
502 2901 633 2985 nostro,
654 2900 842 2983 iuvenisque
866 2897 1029 2964 Coroebus

86 2995 313 3082 Mygdonides:
336 2995 402 3060 illis
426 2996 465 3060 ad
488 2995 618 3060 Troiam
639 2996 723 3060 forte
746 2997 858 3060 diebus

87 3097 218 3157 venerat
240 3091 355 3156 insano
379 3090 575 3156 Cassandrae
597 3092 745 3158 incensus
769 3115 889 3178 amore,

88 3195 120 3253 et
142 3211 241 3275 gener
265 3189 420 3252 auxilium
442 3187 569 3252 Priamo
592 3187 840 3274 Phrygibusque
862 3191 999 3276 ferebat,

88 3285 199 3350 infelix
224 3285 280 3369 qui
302 3305 369 3348 non
392 3305 527 3367 sponsae
550 3291 718 3369 praecepta
741 3286 878 3350 furentis
1046 3304 1097 3352 ³45

88 3383 234 3446 audierit.

89 3502 171 3564 quos
193 3479 251 3544 ubi
272 3479 434 3542 confertos
458 3477 572 3542 audere
595 3480 630 3542 in
653 3480 775 3564 proelia
798 3480 877 3566 vidi,

87 3575 206 3659 incipio
231 3597 327 3659 super
349 3575 414 3640 his:
440 3576 595 3660 eiuuenes,
618 3577 795 3642 fortissima
817 3577 938 3640 frustra
