2612 3964
440 235 589 291 VERGILI
607 236 740 290 AENEIS
759 237 811 290 llll
1066 235 1125 298 181

114 397 144 460 31
168 397 250 460 bene
274 397 351 481 quid
375 397 413 461 de
435 401 468 461 te
489 397 593 462 merui
615 397 678 460 fuit
702 401 757 461 aut
780 398 842 461 tibi
866 398 1035 482 quicquam

114 494 208 557 dulce
231 515 348 580 meum,
371 494 521 558 miserere
544 494 657 557 domus
679 493 819 558 labentis
843 499 875 558 et
897 495 1004 581 istam,

116 613 186 676 oro,
210 591 314 676 siquis
339 593 441 656 adhuc
463 591 612 675 precibus
635 591 735 676 locus,
759 613 837 654 exue
860 596 1006 656 mentem.

114 691 150 752 te
172 693 308 771 propter
330 687 469 771 Libycae
492 691 604 772 gentes
627 685 873 772 Nomadumque
896 689 1025 772 tyranni
1080 706 1131 754 333

116 783 223 870 odere,
245 785 364 848 infensi
387 784 490 869 Tyrii3
513 787 546 848 te
568 788 702 867 propter
724 785 858 849 eundem

117 881 282 945 extinctus
305 882 410 966 pudor
433 886 475 966 et,
498 903 561 965 qua
584 880 654 944 sola
677 881 781 945 sidera
804 882 940 968 adibam,

115 977 206 1042 fama
228 978 326 1062 prior.
373 978 425 1042 cui
446 999 497 1041 me
519 977 744 1042 moribundam
766 977 895 1064 deseris,
913 1017 955 1026 -
973 980 1113 1065 hospes?

114 1074 181 1138 hoc
205 1073 312 1140 solum
333 1096 453 1140 nomen
475 1075 628 1160 quoniam
650 1076 688 1139 de
711 1075 845 1161 coniuge
868 1080 976 1140 restat.
1087 1087 1088 1092 ’

118 1173 199 1256 quid
216 1171 348 1236 moror?
367 1194 408 1236 an
425 1193 496 1236 mea
509 1170 702 1256 Pygmalion
715 1173 792 1236 dum
805 1173 931 1236 moenia
944 1173 1045 1237 irater
1082 1190 1133 1238 325

118 1268 276 1353 destruat,
301 1271 359 1330 aut
382 1271 510 1351 captam
532 1268 626 1332 ducat
650 1265 806 1332 Gaetulus
829 1268 965 1334 Iarbas?
997 1349 1001 1356 Ι

119 1363 238 1428 saltem
261 1363 353 1446 siqua
375 1364 456 1428 mihi
479 1363 517 1428 dc
539 1367 572 1427 te
596 1369 743 1449 suscepta
765 1365 881 1430 fuisset

118 1465 198 1526 ante
219 1461 331 1546 fugam
354 1462 493 1546 suboles,
517 1461 618 1544 siquis
641 1462 723 1526 mihi
744 1463 896 1546 parvolus
920 1463 993 1528 aula

117 1560 248 1624 luderet
269 1557 405 1643 Aeneas,
428 1559 484 1642 qui
506 1561 540 1622 te
562 1563 672 1623 tamen
695 1581 749 1624 ore
771 1560 913 1646 referret,

116 1679 189 1722 non
212 1655 359 1739 equidem
382 1655 512 1720 omnino
536 1660 629 1738 capta
652 1678 688 1720 ae
711 1657 835 1720 deserta
857 1657 1001 1722 viderer?
1084 1675 1135 1724 330

166 1752 311 1816 Dixerat.
357 1753 413 1816 ille
435 1752 522 1817 Iovis
545 1753 678 1816 monitis
701 1754 836 1818 immota
858 1755 989 1819 tenebat

118 1851 248 1916 lumina
271 1853 303 1913 ct
326 1850 465 1914 obnixus
488 1872 598 1914 curam
622 1850 682 1913 sub
706 1851 800 1914 corde
822 1851 995 1934 premebat.

119 1947 255 2012 tandem
277 1967 379 2029 pauca
400 1947 511 2011 refert:
536 1946 607 2030 ‘ego
631 1950 664 2010 13
687 1969 768 2031 quae
791 1948 930 2031 plurima
952 1949 1048 2012 fando

120 2064 311 2108 enumerare
332 2043 420 2107 vales
442 2063 629 2128 numquam,
651 2045 772 2130 regina,
793 2045 918 2130 negabo

120 2139 335 2226 promeritam
356 2161 415 2204 neo
436 2161 488 2204 me
510 2140 694 2204 meminisse
716 2141 841 2226 pigebit
863 2141 999 2228 Elissae,
1085 2160 1137 2208 333

122 2239 203 2301 dum
226 2258 348 2300 memor
369 2237 440 2320 ipse
462 2237 535 2323 mei,
557 2237 634 2300 dum
657 2237 792 2320 spiritus
815 2237 876 2302 hos
898 2238 983 2322 regit
1007 2241 1104 2303 artus.

121 2356 186 2420 pro
204 2355 240 2398 re
258 2355 359 2417 pauca
377 2335 500 2417 loquar.
536 2355 640 2417 neque
660 2355 718 2418 ego
737 2334 821 2398 hanc
839 2335 1031 2415 abscondere
1050 2336 1137 2399 furto

123 2430 254 2516 speravi
277 2427 331 2516 (ne
353 2427 455 2517 finge)
477 2430 597 2516 fugam,
618 2452 677 2494 nec
699 2432 845 2516 coniugis
868 2454 1020 2516 umquam

123 2527 293 2614 praetendi
315 2527 425 2591 taedas
449 2530 505 2591 aut
526 2525 605 2591 haec
628 2528 663 2590 in
685 2527 813 2591 foedera
835 2528 917 2592 veni.

123 2649 178 2691 mc
201 2625 230 2689 si
251 2625 320 2688 fata
342 2624 422 2687 meis
445 2627 632 2707 paterentur
655 2625 768 2688 ducere
790 2625 891 2688 vitam
1087 2643 1139 2691 343

124 2723 280 2806 auspiciis
304 2725 336 2786 31
360 2725 475 2804 sponte
497 2743 568 2786 mea
590 2743 779 2805 componere
803 2743 905 2807 curas,

123 2821 241 2885 urbem
264 2818 436 2884 Troianam
457 2819 598 2902 primum
621 2818 786 2902 dulcisque
809 2840 953 2884 meorum

124 2916 282 3000 reliquias
305 2915 451 3000 colerem,
475 2913 609 3000 [Priami
631 2919 717 2979 tecta
740 2915 806 2978 alta
828 2915 1007 2999 manerent]

126 3019 161 3080 31
183 3013 322 3078 recidiva
344 3028 447 3075 manu
464 3012 645 3095 posuissem
667 3011 825 3097 Pergama
846 3013 949 3077 victis.
1208 3099 1210 3101 ι

127 3112 185 3177 sed
206 3132 292 3174 nunc
314 3109 443 3173 Italiam
465 3129 617 3194 magnam
641 3107 790 3192 Gryneus
813 3108 942 3196 Apollo,
1089 3128 1141 3175 343

126 3207 259 3272 Italiam
280 3204 398 3289 Lyciae
421 3206 543 3269 iussere
565 3227 731 3290 capessere
754 3210 872 3292 sortes;

125 3305 181 3370 hic
204 3325 305 3390 amor,
327 3303 405 3367 haec
427 3302 533 3386 patria
556 3307 614 3367 est.
662 3303 690 3367 31
712 3307 745 3366 13
768 3301 980 3387 Karthaginis
1005 3325 1094 3367 arces

125 3401 340 3466 Phoenissam
361 3398 564 3484 Libycaeque
587 3404 735 3484 aspectus
759 3401 881 3464 detinet
905 3401 1005 3485 urbis,

127 3522 211 3585 quae
234 3499 364 3564 tandem
387 3496 533 3562 Ausonia
556 3497 696 3562 Teucros
721 3497 883 3561 considere
906 3501 992 3560 terra
