2530 3960
188 215 254 278 446
575 215 820 270 CATALEPTON.

189 376 374 460 dispeream,
398 377 425 439 si
448 380 480 439 te
503 377 600 440 fuerit
624 377 703 439 mihi
726 377 830 441 carior
854 378 943 442 alter.

234 473 314 536 alter
338 474 423 536 enim
446 473 502 556 qui
525 477 557 537 te
582 474 704 538 dulcior
728 497 797 538 esse
820 475 951 558 potest?

190 571 240 632 cui
263 571 370 634 iuveni
394 575 467 634 ante
491 570 570 634 alios
595 570 660 634 divi
683 571 856 655 divumque
880 594 1007 636 sorores

234 671 348 730 cuncta
369 689 472 750 neque
495 667 638 750 indigno,
660 667 764 750 Musa,
788 668 899 732 dedere
922 669 1018 753 bona,

190 767 304 826 cuncta
322 764 439 847 quibus
458 765 577 848 gaudet
597 764 718 827 Phoebi
742 764 858 828 chorus
877 767 1011 849 ipseque
1029 765 1195 830 Phoebus?

234 861 357 924 doctior
381 883 399 924 o
423 861 495 944 quis
519 865 562 946 te,
584 861 688 946 Musa,
711 862 809 925 fuisse
832 863 963 945 potest?

191 977 209 1018 o
234 957 306 1038 quis
329 960 361 1019 te
384 957 418 1019 in
440 957 535 1020 terris
559 957 704 1040 loquitur
727 959 897 1023 iucundior
919 960 1007 1023 uno?

235 1050 305 1116 Clio
328 1075 403 1116 narn
426 1057 510 1116 certe
533 1053 665 1118 candida
686 1077 772 1119 nunc
795 1056 948 1139 loquitur.
1170 1075 1194 1120 10

192 1173 288 1233 quare
302 1150 392 1214 'illud
416 1152 495 1214 satis
520 1156 578 1236 est,
601 1152 629 1214 si
652 1157 684 1215 te
707 1153 869 1234 permittis
894 1155 1005 1238 amari,

234 1268 300 1310 non
323 1251 434 1311 contra
456 1252 493 1311 ut
517 1249 560 1312 sit
583 1271 673 1312 amor
696 1251 828 1312 mutuus
852 1250 935 1313 unde
959 1251 1051 1316 mihi.

235 1484 284 1548 Ite
306 1483 391 1570 111110,
413 1485 533 1569 inanes,
555 1485 610 1570 ite,
632 1483 798 1548 rhetorum
821 1488 992 1575 ampullae,

191 1581 303 1644 inflata
325 1582 422 1645 rhoso
445 1604 512 1645 non
534 1580 673 1644 Achaico
697 1583 806 1668 verba3

192 1683 224 1741 et
246 1699 314 1762 vos,
337 1675 464 1761 Solique
488 1679 696 1761 Tarquitique
719 1677 896 1767 Varroque,

193 1774 455 1839 scholasticorum
476 1776 566 1838 natio
589 1775 719 1838 madens
743 1776 865 1860 pingui,

192 1874 236 1936 ite
258 1872 343 1956 111110,
364 1873 459 1936 inane
482 1871 652 1956 cymbalon
674 1872 859 1935 iuventutis.

191 1975 300 2054 tuque,
323 1991 342 2032 o
364 1991 507 2032 mearum
530 1990 614 2052 cura,
638 1965 742 2053 Sexte,
764 1991 922 2056 curarum,

191 2069 271 2154 vale,
294 2065 425 2151 Sabine3
448 2067 514 2130 ism
537 2066 649 2150 valete,
671 2066 812 2129 formosi.

190 2187 250 2228 nos
275 2165 313 2227 ad
336 2165 447 2227 beatos
471 2164 541 2227 vela
563 2162 723 2226 mittimus
746 2167 871 2248 portus,

191 2263 300 2346 magni
322 2265 466 2344 petentes
490 2261 583 2324 docta
606 2259 690 2322 dieta
714 2257 847 2346 Sironis,

191 2362 355 2443 vitamque
378 2359 418 2422 ab
443 2358 529 2422 omni
552 2356 783 2420 vindicabimus
808 2379 890 2420 cura.
1168 2379 1192 2426 ro

191 2458 236 2520 ite
258 2455 343 2540 hinc,
366 2476 525 2538 camenae3
548 2475 606 2517 vos
629 2475 756 2536 quoque
779 2453 824 2516 ite
846 2455 911 2518 iam
936 2477 1024 2541 sane,

192 2553 298 2617 dulces
322 2573 467 2614 camenae
491 2549 580 2636 (nam
602 2550 776 2612 fatebimur
798 2573 919 2636 verum,

192 2650 299 2713 dulces
322 2646 459 2734 fuistis):
482 2650 645 2710 ettamen
667 2668 753 2710 meas
777 2647 904 2711 chartas

192 2745 368 2830 revisitote,
392 2745 446 2807 sed
468 2743 625 2827 pudenter
648 2746 680 2806 et
702 2765 784 2808 raro.

623 2882 670 2947 VI
684 2881 770 2971 (ΙΙΙ).

238 2991 342 3076 Socer,
365 2991 456 3054 beate
479 3011 537 3054 nec
559 2989 621 3052 11111
639 3011 698 3054 nec
721 2991 823 3076 alteri,

193 3110 351 3172 generque
375 3086 545 3173 Noctuine,
567 3086 715 3169 putidum
738 3093 843 3175 caput,

192 3190 290 3248 tuone
312 3205 397 3247 nunc
420 3184 526 3266 puella
549 3184 624 3247 talis
649 3187 680 3246 et
703 3189 760 3248 tuo

194 3285 324 3362 stupore
348 3302 458 3362 pressa
480 3302 535 3343 rus
560 3279 683 3342 abibit?
707 3281 737 3344 ei
759 3282 848 3368 mihi,

193 3381 229 3440 ut
252 3375 307 3437 ille
330 3396 439 3437 versus
463 3397 691 3460 usquequaque
714 3379 853 3461 pertinet

193 3475 303 3558 ‘gener
328 3491 489 3556 socerque,
511 3473 693 3554 perdidistis
718 3475 847 3538 omnia'!
