2514 3966
381 271 527 326 VERGILI
544 271 676 326 AENEIS
695 273 719 326 X
989 271 1051 334 331

58 432 285 516 turrigeraeque
309 433 399 498 urbis
423 432 590 517 biiugique
613 433 651 496 ad
675 433 765 497 frana
787 433 905 516 leonae,

58 533 92 592 tu
114 528 188 592 mihi
208 551 293 594 nunc
315 551 444 615 pugnae
466 530 624 615 princeps,
645 534 682 593 111
705 530 768 593 1116
790 530 985 613 propinques

58 627 217 711 augurium
239 627 488 711 Phrygibusque
510 626 596 690 adsis
618 627 707 712 pede,
729 627 811 712 diva,
835 625 1054 690 secundo'aoo

58 727 175 786 tantum
197 724 319 788 effatus.
367 729 399 788 et
421 725 542 788 interea
565 725 711 789 revoluta
733 724 869 790 rubebat
1076 703 1083 815 l

58 824 174 884 matura
194 821 257 884 iam
276 821 350 894 ¹luce
373 820 440 884 dies
462 823 653 904 noctemque
675 822 816 906 fugarat:
1073 818 1079 872 ¹
1154 827 1156 834 ⁴

58 917 203 1001 principio
227 917 323 982 sociis
347 917 452 1002 edicit,
474 916 567 1001 signa
590 922 765 1002 sequantur

59 1019 146 1098 atque
167 1015 289 1078 animos
313 1017 425 1097 aptent
448 1013 545 1077 armis
568 1035 757 1098 pugnaeque
780 1019 894 1098 parent
918 1037 960 1078 se.

59 1112 174 1195 iamque
195 1112 231 1175 in
253 1114 426 1193 conspectu
449 1109 589 1174 Teucros
612 1110 709 1174 habet
732 1115 764 1174 61
788 1133 846 1174 sua
869 1115 982 1196 castra,
1002 1125 1054 1174 160

60 1213 140 1274 stans
161 1209 243 1272 celsa
265 1208 301 1270 in
323 1207 432 1291 puppi.
479 1207 616 1292 clipeum
639 1229 710 1272 cum
734 1207 846 1271 deinde
870 1207 1001 1270 sinistra

59 1307 164 1370 extulit
186 1305 360 1390 ardentem,
381 1304 552 1368 clamorem
575 1304 614 1368 ad
637 1304 740 1368 sidera
762 1305 882 1368 tollunt

60 1401 245 1466 Dardanidae
269 1423 286 1465 e
308 1401 418 1484 muris,
441 1422 513 1485 spes
537 1402 644 1465 addita
667 1401 802 1466 suscitat
824 1401 898 1486 iras,

59 1500 117 1564 tela
135 1522 230 1564 manu
251 1498 387 1562 iaciunt:
411 1497 520 1581 quales
545 1497 604 1562 sub
627 1498 769 1562 nubibus
793 1499 872 1562 atris

61 1593 249 1678 Strymoniae
273 1595 351 1658 dant
374 1595 466 1679 signa
489 1614 584 1679 grues
608 1599 704 1678 atque
723 1595 853 1660 aethera
871 1599 1053 1662 tranantaoo

60 1715 122 1756 curn
143 1694 250 1758 sonitu
272 1691 466 1776 fugiuntque
487 1695 583 1755 notos
606 1692 744 1756 clamore
767 1693 913 1756 secundo.

61 1794 90 1853 at
110 1789 226 1854 ldutulo
249 1789 319 1873 regi
342 1788 539 1872 ducibusque
561 1809 598 1850 ea
619 1789 701 1852 mira
722 1789 825 1853 videri

60 1887 209 1971 Ausoniis,
231 1885 332 1949 donec
353 1907 461 1950 versas
485 1885 524 1948 ad
546 1884 643 1948 litora
665 1907 787 1969 puppes

61 1984 222 2067 respiciunt
244 1985 414 2065 totumque
438 1981 544 2044 adlabi
567 1982 661 2046 classi
685 2005 722 2046 us
747 2005 872 2068 aequor.

61 2081 156 2146 *ardet
178 2102 259 2165 apex
283 2079 382 2162 capiti
404 2077 574 2162 cristisque
597 2102 616 2142 a
638 2080 756 2144 vertice
777 2079 906 2144 flamma
1003 2097 1055 2146 610
1078 2062 1082 2079 i

61 2178 192 2242 funditur
216 2181 248 2241 61
270 2180 380 2240 vastos
404 2175 502 2238 umbo
525 2176 627 2239 vomit
650 2198 764 2242 aureus
787 2175 887 2260 ignis:

61 2295 117 2338 nou
137 2296 225 2338 secus
250 2294 286 2337 ac
308 2272 431 2355 liquida
454 2271 610 2355 siquando
633 2275 727 2335 nocte
750 2275 891 2335 cometae

61 2372 215 2457 sanguinei
237 2369 375 2455 lugorbre
397 2368 515 2432 rubent
539 2373 594 2432 aut
617 2366 721 2432 Sirius
745 2369 846 2452 ardor,

61 2467 107 2533 1116
128 2469 211 2533 sitim
235 2465 430 2549 morbosque
452 2465 557 2529 ferens
580 2465 771 2530 mortalibus
795 2465 908 2552 aegris,

62 2567 190 2630 nascitur
213 2569 246 2629 et
268 2563 359 2627 laevo
383 2561 555 2628 contristat
578 2563 698 2626 lumine
722 2561 873 2628 caelum*
1003 2577 1054 2626 115

99 2663 181 2728 Haut
203 2668 312 2727 tamen
335 2661 445 2724 audaci
469 2660 577 2723 Turno
600 2659 716 2723 fiducia
739 2659 835 2722 cessit

62 2757 147 2823 litora
167 2759 348 2844 praecipere
371 2762 403 2822 et
425 2758 583 2822 venientis
606 2757 723 2840 pellere
745 2760 839 2820 terra.
1004 2773 1055 2820 arr

63 2855 147 2938 ‘quod
168 2856 254 2920 votis
278 2854 426 2939 optastis,
449 2854 547 2939 adest,
568 2854 764 2938 perfringere
788 2852 912 2918 dextra:
1004 2869 1056 2917 279

63 2952 253 3018 inmanibus
276 2951 365 3016 Mars
388 2952 457 3034 ipse
479 2951 567 3015 viris.
612 2972 697 3014 nunc
719 2949 865 3035 coniugis
889 2953 957 3014 esto

63 3052 184 3136 quisque
207 3071 283 3113 suae
305 3049 446 3132 tectique
468 3069 598 3131 memor,
619 3068 705 3110 nunc
726 3066 844 3130 magna
866 3047 981 3110 referte

63 3146 144 3234 facta,
165 3151 294 3232 patrum
316 3144 434 3209 laudes.
480 3144 567 3207 ultro
591 3164 793 3207 occurramus
817 3144 856 3207 ad
879 3144 1012 3229 undam,

63 3241 127 3307 dum
148 3243 264 3327 trepidi
287 3241 488 3327 egressisque
510 3239 621 3304 labant
643 3240 782 3324 vestigia
804 3241 915 3324 prima,

64 3340 194 3404 audentis
216 3338 361 3404 Fortuna
383 3337 484 3402 iuuat’

64 3534 133 3595 ultro
155 3538 267 3596 animos
289 3537 372 3596 tollit
395 3536 482 3596 dictis
506 3541 595 3615 atque
619 3536 754 3612 increpat
776 3537 857 3595 ultro
1005 3544 1057 3593 278
