2574 3964
220 253 265 314 44
526 251 674 306 unsarai
692 231 901 308 aaoaorcou
920 253 932 306 1

223 414 386 478 caeruleus
409 414 551 498 pluviam
574 415 756 499 denuntiat,
777 415 891 498 igneus
915 437 1023 501 euros3

225 511 276 574 sin
298 510 439 576 maculae
462 511 616 594 incipient
638 511 738 574 rutilo
761 507 958 576 inmiscerier
980 512 1063 598 igni,

225 608 332 671 omnia
354 611 425 670 tum
447 609 568 691 pariter
590 611 686 672 vento
709 608 892 692 nimbisque
915 610 1039 673 videbis
1180 627 1231 674 455

224 705 353 768 fervere.
398 726 465 768 non
486 705 543 768 illa
567 705 737 788 quisquam
759 726 809 768 me
831 708 925 769 nocte
948 727 1005 788 per
1028 707 1130 769 altum

223 803 270 864 irc
292 823 394 885 neque
418 824 437 865 a
458 804 545 864 terra
567 805 694 864 moveat
717 802 894 865 convellere
916 802 1032 867 funem.

224 903 257 961 at
281 899 325 982 si,
348 920 419 962 cnm
441 898 619 980 referetque
642 898 727 961 diem
749 897 925 981 condetque
948 900 1100 984 relatum,

223 995 348 1058 lucidus
372 995 459 1059 orbis
484 994 558 1078 erit,
580 994 702 1058 frustra
724 994 883 1059 terrebere
905 996 1039 1080 nimbis,

225 1096 257 1155 et
280 1093 365 1157 claro
389 1092 486 1156 silvas
510 1113 618 1155 cernes
643 1092 791 1174 aquilone
814 1095 943 1158 moveri.
1181 1113 1233 1161 460

224 1188 360 1272 denique
383 1189 460 1272 quid
482 1211 594 1271 vesper
617 1211 706 1252 serus
729 1189 838 1273 vehat,
861 1191 943 1254 unde
967 1212 1094 1254 serenas

224 1291 339 1351 ventus
364 1291 439 1372 agat
461 1286 577 1369 nubes,
600 1287 677 1370 quid
700 1287 820 1371 cogitet
842 1286 969 1349 umidus
993 1291 1115 1372 auster,

227 1384 276 1447 sol
297 1383 360 1448 tibi
384 1383 476 1468 signa
499 1383 596 1446 dabit.
644 1379 751 1448 Solem
774 1383 846 1466 quis
870 1383 971 1446 dicere
994 1383 1110 1446 falsum

226 1480 362 1544 audeat?
385 1479 440 1544 ille
464 1481 561 1544 etiam
584 1501 693 1544 caecos
717 1480 838 1543 instare
861 1481 1019 1543 tumultus

227 1599 319 1661 saepe
337 1581 447 1642 monet
465 1577 671 1660 fraudemque
691 1580 722 1639 et
742 1580 853 1660 operta
871 1581 1045 1641 tumescere
1063 1577 1158 1642 bella.
1182 1596 1233 1644 loe

225 1675 280 1738 ille
304 1674 400 1737 etiam
422 1673 563 1737 extincto
587 1674 757 1737 miseratus
782 1672 915 1737 Caesare
938 1672 1088 1759 Romam,

226 1794 298 1835 cum
321 1774 417 1854 caput
440 1770 575 1834 obscura
596 1770 737 1832 nitidum
759 1770 920 1855 ferrugine
942 1772 1038 1855 texit,

226 1869 387 1952 impiaque
412 1871 572 1931 aeternam
595 1867 774 1930 timuerunt
798 1867 922 1930 saecula
943 1872 1078 1932 noctem.

226 1971 370 2048 tempore
389 1986 583 2048 quamquam
601 1963 658 2026 illo
678 1963 774 2026 tellus
790 1984 916 2046 quoque
934 1967 965 2026 et
984 1985 1123 2047 aequora
1142 1966 1234 2048 ponti

227 2062 443 2145 obscenaeque
466 2082 559 2124 canes
582 2060 847 2143 importunaeque
871 2061 1015 2124 volucres
1182 2079 1233 2127 470

165 1073 170 1109 ,
205 1075 207 1083 .

227 2162 319 2245 signa
342 2159 469 2223 dabant.
516 2158 665 2241 quotiens
685 2154 861 2239 Cyclopum
885 2157 1032 2221 effervere
1055 2158 1090 2222 in
1114 2180 1211 2244 agros
1272 2185 1273 2241 ᾗ

226 2257 364 2321 vidimus
387 2256 562 2319 undantem
584 2254 689 2338 ruptis
712 2253 896 2316 fornacibus
919 2252 1071 2338 Aetnam,

226 2357 489 2437 flammarumque
512 2351 628 2436 globos
650 2350 885 2433 liquefactaque
908 2351 1035 2414 volvere
1058 2356 1150 2417 saxa!

228 2471 388 2516 armorum
412 2449 556 2513 sonitum
578 2449 650 2511 toto
675 2444 845 2510 Germania
868 2447 953 2512 caelo
1271 2489 1272 2523 r

227 2548 345 2631 audiit,
367 2545 509 2610 insolitis
531 2547 731 2608 tremuerunt
752 2543 894 2608 motibus
916 2543 1024 2633 Alpes.
1182 2564 1234 2612 475

227 2669 289 2710 vox
313 2664 440 2728 quoque
462 2664 520 2726 per
542 2642 631 2706 lucos
654 2642 750 2725 volgo
774 2643 922 2706 exaudita
946 2643 1069 2706 silentis

227 2745 354 2828 ingens,
377 2744 409 2804 et
433 2739 602 2804 simulacra
624 2739 727 2802 modis
750 2739 904 2822 pallentia
926 2739 1016 2802 miris

227 2840 296 2903 visa
320 2839 379 2902 sub
404 2836 575 2900 obscurum
596 2835 716 2919 noctis,
738 2837 936 2920 pecudesque
958 2837 1098 2923 locutae,

229 2933 435 3022 (infanduml)
461 2933 580 2997 sistunt
604 2954 712 2996 amnes
736 2937 901 3016 terraeque
924 2933 1105 3017 dehiscunt,
1269 3017 1270 3032 ,

229 3037 262 3097 et
275 3035 434 3096 maestum
447 3031 628 3093 inlacrimat
641 3029 771 3112 templis
786 3030 865 3093 ebur
880 3051 1014 3112 aeraque
1029 3030 1155 3094 sudant.
1184 3049 1236 3096 480
1269 3033 1270 3087 l

228 3130 351 3214 proluit
373 3129 486 3192 insano
510 3132 725 3210 contorquens
748 3127 866 3190 vertice
889 3127 985 3191 silvas
1268 3211 1269 3214 Ἴ

228 3227 399 3290 fluviorum
422 3245 477 3287 rex
500 3223 676 3308 Eridanus,
698 3244 890 3306 camposque
912 3245 968 3306 per
993 3245 1102 3287 omnes

229 3345 301 3386 cum
324 3319 460 3384 stabulis
485 3324 627 3384 armenta
649 3320 734 3383 tulit.
780 3341 838 3383 nec
860 3325 1002 3404 tempore
1025 3321 1136 3384 eodem

229 3419 379 3482 tristibus
403 3419 459 3480 aut
482 3417 564 3480 extis
587 3417 687 3480 fibrae
711 3439 862 3500 apparere
884 3418 1021 3481 minaces

230 3519 286 3579 aut
309 3513 414 3597 puteis
438 3535 565 3576 manare
588 3536 681 3577 cruor
705 3514 864 3599 cessavit,
878 3519 910 3578 et
934 3515 1015 3578 altae
1187 3533 1240 3582 485
