2538 3970
321 1068 360 1142 P.
385 1067 582 1141 VERGILI
609 1069 821 1142 MARONIS

278 1243 314 1325 A
359 1243 395 1324 Ε
439 1241 482 1324 Ν
527 1243 563 1324 E
608 1241 632 1326 Ι
676 1243 716 1324 D
763 1243 799 1326 0
846 1243 874 1328 S

421 1433 733 1502 ninnnnouus.

77 1574 177 1661 Atque
200 1598 238 1642 ea
260 1577 386 1640 diversa
407 1574 537 1658 penitus
560 1576 637 1640 dum
653 1580 745 1661 parte
768 1582 934 1665 geruntur,

77 1673 147 1738 Irim
169 1675 206 1738 de
230 1675 318 1739 caelo
340 1672 431 1736 misit
454 1669 606 1738 Saturnia
623 1673 704 1739 luno

79 1771 218 1836 audacem
242 1771 283 1835 ed
305 1769 457 1834 Turnum.
486 1769 559 1834 luoo
583 1774 653 1835 tum
675 1772 760 1836 forte
782 1774 925 1856 parentis

77 1867 209 1933 Pilumni
232 1868 360 1932 Turnus
385 1871 508 1932 sacrata
531 1867 613 1932 valle
636 1868 774 1934 sedebat.

79 1967 112 2030 ad
133 1989 226 2051 quem
250 1966 296 2029 sic
317 1985 409 2028 roseo
434 1963 665 2028 Thaumantias
689 1987 743 2029 ore
766 1966 874 2031 locuta
897 1971 958 2032 est:
1062 1988 1077 2034 o

79 2063 197 2149 ‘Turne
221 2062 308 2147 quod
331 2061 457 2145 optanti
480 2061 588 2126 divom
609 2063 798 2146 promittere
820 2085 914 2128 nemo

79 2161 210 2246 auderet,
232 2159 389 2223 volvenda
411 2158 477 2222 dies
501 2179 542 2221 en
564 2159 676 2222 attulit
698 2160 793 2224 ultro.

77 2256 194 2324 Aeneae
217 2257 298 2321 urbe
321 2259 353 2320 et
378 2255 473 2318 sociis
496 2259 528 2318 et
551 2255 651 2320 classe
674 2255 786 2320 relicta

79 2361 194 2440 sceptra
217 2352 359 2418 Palatini
381 2353 551 2435 'sedemque
573 2353 655 2434 petit
678 2351 830 2418 Euandri.
857 2357 860 2363 '

78 2471 128 2516 nec
150 2452 243 2518 sutis:
268 2455 426 2514 extremas
451 2447 587 2530 Corythi
610 2450 791 2532 penetravit
814 2451 854 2514 ad
876 2450 971 2515 urbes
1048 2469 1079 2516 10

78 2545 295 2631 Lydorumque
317 2568 449 2610 manum
471 2545 622 2610 collectos
647 2551 749 2610 armat
773 2548 917 2633 agrestis.

79 2645 146 2728 quid
163 2643 315 2710 dubitas?
334 2664 419 2707 nunc
432 2646 559 2724 tempus
578 2664 689 2729 equos,
706 2665 791 2709 nunc
808 2665 938 2728 poscere
957 2666 1078 2710 currus.

79 2762 181 2827 rumpe
204 2763 311 2806 moras
335 2739 439 2804 omnis
462 2743 494 2802 et
517 2738 649 2804 turbate
670 2741 775 2824 arripe
794 2741 919 2805 castra?

79 2837 150 2905 dixit
173 2844 206 2904 et
228 2839 265 2903 in
286 2839 409 2904 caelum
430 2835 562 2920 paribus
587 2859 620 2902 se
644 2838 778 2902 sustulit
801 2839 861 2902 alis

79 2932 295 3021 lugentemque
318 2935 396 3019 fuga
419 2933 520 2997 secuit
543 2933 603 2998 sub
625 2935 767 3000 nubibus
791 2957 906 3000 arcum.
1047 2953 1078 3001 15

80 3031 223 3117 adgnovit
245 3032 371 3096 iuvenis
394 3030 594 3113 duplicisque
617 3030 656 3096 ad
679 3031 783 3096 sidera
805 3033 928 3116 palmas

82 3131 214 3215 sustulit,
237 3151 273 3194 ae
296 3129 356 3193 tali
378 3128 554 3214 fugientem
578 3132 626 3192 est
649 3149 725 3193 voce
749 3133 889 3194 secutus:

81 3224 136 3314 tri,
158 3229 254 3294 decus
278 3227 366 3312 caeli,
390 3226 461 3309 quis
480 3230 512 3290 te
534 3225 615 3288 mihi
636 3225 778 3290 nubibus
802 3229 905 3290 actam

82 3321 184 3390 detulit
206 3325 242 3388 in
264 3323 389 3388 terras?
412 3324 496 3387 unde
518 3323 596 3388 haec
619 3328 687 3387 tam
709 3323 794 3386 clara
814 3328 945 3406 repente

81 3421 265 3508 tempestas?
289 3421 429 3484 medium
450 3420 542 3484 video
566 3420 725 3484 discedere
748 3420 870 3484 eaelum
1045 3439 1078 3486 ao

82 3517 273 3604 palantisque
294 3517 370 3601 polo
395 3517 512 3582 stellas.
560 3539 676 3600 sequor
700 3517 807 3581 omina
828 3521 929 3602 tanta,
