2538 3970
183 248 247 313 268
495 247 644 302 VERGILI
661 245 793 301 AENEIS
814 248 863 302 VII

184 414 215 473 et
239 410 430 474 meministis
455 409 550 496 enim,
573 409 674 495 diras,
697 414 729 474 et
750 431 926 474 memorare
949 410 1096 493 potestis:
1134 428 1175 476 545

184 507 223 570 ad
244 529 305 571 nos
328 507 382 571 vix
405 507 512 570 tenuis
536 507 639 570 famae
662 506 840 590 perlabitur
864 529 949 571 aura.

226 629 354 694 Primus
377 631 440 694 init
463 630 584 694 bellum
607 629 782 714 Tyrrhenis
806 653 899 715 asper
922 631 962 694 ab
986 631 1051 694 oris

184 731 389 810 contemptor
412 726 520 791 divom
542 726 719 791 Mezentius
744 729 934 812 agminaque
958 731 1068 790 armat.

183 823 269 888 filius
291 825 366 888 huic
389 825 479 888 iuxta
503 823 638 908 Lausus,
663 845 726 907 quo
749 823 914 906 pulchrior
938 823 1019 887 alter

183 942 250 985 non
271 921 335 985 fuit
358 925 489 1004 excepto
513 920 684 986 Laurentis
708 942 841 1004 corpore
864 919 975 1005 Turni,
1134 937 1177 985 555

183 1017 317 1102 Lausus,
340 1039 431 1081 ecum
454 1016 594 1081 domitor
616 1016 858 1101 debellatorque
883 1017 1033 1103 terarum,

184 1113 270 1178 ducit
292 1113 446 1198 Agyllina
469 1113 666 1205 nequiquam
690 1135 727 1178 ex
751 1114 830 1178 urbe
852 1118 979 1178 secutos

183 1209 271 1274 mille
294 1209 391 1295 viros,
413 1209 538 1294 dignus,
561 1209 676 1292 patriis
701 1212 757 1294 qui
779 1211 895 1275 laetior
918 1215 1003 1275 esset

183 1307 326 1390 imperiis
350 1310 382 1370 et
405 1308 455 1371 cui
478 1311 569 1390 pater
591 1306 671 1370 haut
695 1307 870 1371 Mezentius
894 1292 991 1410 ff

228 1430 307 1495 Post
329 1431 389 1494 hos
412 1419 572 1514 insignem
595 1431 701 1513 palma
724 1453 781 1514 per
805 1433 950 1516 gramina
973 1454 1099 1497 currum
1135 1447 1179 1497 555

184 1528 385 1610 victoresque
409 1530 551 1590 ostentat
575 1549 675 1610 equos
700 1532 790 1592 satus
814 1527 951 1592 Hercule
970 1530 1101 1612 pulchro

184 1624 316 1709 pulcher
339 1623 530 1710 Aventinus,
553 1625 721 1709 clipeoque
743 1625 870 1710 insigne
890 1629 1060 1708 paternum

185 1726 313 1786 centum
336 1742 456 1805 angues
480 1721 679 1804 cinctamque
703 1723 787 1806 gerit
811 1722 1014 1805 serpentibus
1037 1723 1176 1807 hydram3

185 1819 276 1883 collis
299 1818 452 1882 Aventini
476 1818 557 1882 silva
580 1841 674 1902 quem
697 1817 787 1882 Rhea
812 1818 957 1883 sacerdos

185 1916 340 1979 furtiyom
363 1919 458 1998 partu
482 1916 542 1978 sub
565 1916 697 1979 luminis
723 1915 821 1980 edidit
845 1937 927 2001 oras,
1137 1936 1183 1984 555

184 2013 286 2076 mixta
309 2011 367 2075 deo
391 2011 514 2098 mulier,
537 2016 710 2096 postquam
733 2012 906 2076 Laurentia
929 2014 1033 2078 victor

186 2107 333 2192 Geryone
356 2108 497 2172 extincto
522 2109 711 2192 Tirynthius
735 2110 847 2194 attigit
871 2133 946 2174 arva

186 2205 414 2290 Tyrrhenoque
437 2205 534 2270 boves
558 2207 593 2270 in
615 2207 745 2271 flumine
767 2207 848 2271 lavit
868 2206 1018 2273 Hiberas.

375 2320 394 2362 a
526 2320 545 2362 a
678 2321 697 2362 a
832 2321 851 2362 5

185 2412 251 2496 pila
273 2432 370 2474 manu
394 2430 568 2493 saevosque
592 2415 709 2495 gerunt
731 2411 766 2474 in
788 2410 874 2474 bella
896 2409 1027 2474 dolones

185 2513 218 2573 et
239 2508 335 2572 tereti
357 2510 502 2591 pugnant
525 2528 675 2570 mucrone
697 2528 838 2590 veruque
861 2505 999 2571 Sabelle.
1137 2525 1181 2573 555

184 2607 253 2690 ipse
276 2605 381 2689 pedes,
403 2604 543 2688 tegimen
568 2608 723 2687 torquens
747 2604 885 2668 immane
908 2603 1020 2688 leonis,

184 2701 333 2767 horridus
356 2697 578 2784 Herculeoque
600 2722 727 2764 umeros
749 2700 885 2764 innexus
910 2701 1039 2785 amiota,
1137 2718 1180 2766 555

184 2797 323 2864 terribili
345 2797 497 2880 inpexum
520 2799 599 2880 <55>
625 2801 713 2862 saeta
736 2819 811 2862 cum
834 2797 983 2860 dentibus
1007 2798 1089 2862 albis
1137 2813 1180 2862 555

184 2897 316 2961 1515555
339 2895 447 2979 capiti,
469 2895 515 2958 sic
536 2895 625 2980 regia
646 2898 732 2958 tecta
755 2895 896 2958 subibat.

230 3027 312 3092 Tum
335 3027 454 3111 gemini
477 3027 593 3090 fratres
618 3027 766 3090 Tiburtia
789 3027 915 3090 moenia
937 3027 1076 3114 lincunt,
1136 3043 1180 3092 555

185 3123 295 3188 fratris
318 3122 448 3186 Tiburti
472 3123 590 3186 dictam
613 3124 802 3208 cognomine
826 3128 964 3209 gentem,

186 3219 385 3304 Catillusque
408 3241 541 3304 acerque
564 3217 673 3306 Corae,
696 3219 817 3305 Argiva
841 3221 1005 3306 iuventus,

186 3323 218 3384 55
240 3319 377 3402 primam
400 3321 473 3380 ante
497 3317 597 3382 aciem
619 3319 715 3382 densa
738 3318 823 3382 inter
845 3319 910 3382 tela
931 3317 1094 3382 feruntur:

185 3439 242 3481 ceu
265 3415 327 3478 duo
351 3411 532 3496 nubigenae
555 3435 626 3478 eum
649 3415 768 3480 vertice
791 3415 912 3480 montis
936 3413 976 3478 ab
1001 3415 1066 3479 alto

185 3511 379 3578 descendunt
402 3512 555 3597 centauri,
577 3511 739 3576 Homolen
762 3510 963 3595 Othrquue
988 3512 1180 3578 5155155555
