2576 3970
375 253 523 308 VERGILI
543 252 674 308 AENElS
693 252 745 306 VlI
1000 249 1064 316 253

67 421 184 483 centum
206 421 350 483 oratores
374 419 513 500 augusta
536 415 575 479 ad
598 414 724 478 moenia
747 414 833 498 regis

66 517 109 580 110
127 515 223 600 iubet,
246 514 344 578 ramis
367 514 491 577 velatos
513 511 654 576 Palladis
678 511 792 597 omnis,

67 613 201 696 donaque
223 611 307 675 ferre
328 610 398 675 1110
422 629 594 693 pacemque
618 628 788 692 exposcere
812 606 952 673 Teucris.
1014 624 1064 672 155

65 709 137 772 haut
158 730 258 794 mora,
280 707 437 771 festinant
459 705 541 770 iussi
562 705 747 789 rapidisque
769 705 917 770 feruntur

65 807 214 889 passibus.
260 805 330 889 ipse
352 803 468 868 humili
491 802 638 887 designat
660 801 787 866 moenia
808 803 898 866 fossa

64 903 252 986 moliturque
274 902 381 966 locum
403 901 589 985 primasque
610 899 646 962 in
667 899 763 963 litore
787 899 876 964 sedes

65 1005 236 1064 castrorum
257 999 293 1062 in
314 1019 437 1062 morem
458 997 566 1080 pinnis
587 999 686 1080 atque
709 1016 825 1081 aggere
848 995 959 1080 cingit.

65 1097 184 1180 iamque
206 1096 269 1158 iter
292 1094 412 1158 emensi
434 1093 534 1158 turris
559 1114 595 1157 ac
617 1095 703 1156 tecta
724 1091 915 1158 Latinorum
1016 1109 1064 1158 150

64 1193 156 1257 ardua
179 1191 351 1258 cernebant
373 1191 503 1256 iuvenes
527 1211 683 1273 muroque
707 1189 867 1255 subibant.

64 1295 133 1355 ante
155 1290 265 1354 urbem
289 1289 381 1372 pueri
404 1292 436 1352 et
459 1288 621 1372 primaevo
645 1286 724 1352 flore
746 1289 896 1352 iuventus

64 1391 244 1452 exercentur
267 1385 358 1470 equis
382 1385 604 1468 domitantque
627 1385 662 1448 in
683 1385 814 1469 pulvere
837 1407 948 1450 currus
1031 1390 1038 1404 '

63 1487 116 1548 aut
139 1483 218 1548 acris
241 1482 378 1546 tendunt
402 1503 493 1546 arcus
518 1485 573 1544 aut
595 1481 684 1546 lenta
705 1482 834 1547 lacertis

64 1581 181 1665 spicula
203 1583 416 1662 contorquent
440 1599 597 1660 cursuque
619 1577 749 1662 ictuque
771 1579 947 1644 lacessunt:
1016 1595 1064 1646 155

64 1699 131 1740 cum
151 1678 339 1760 praevectus
363 1695 444 1758 equo
467 1675 617 1758 longaevi
640 1677 725 1760 regis
749 1677 786 1739 ad
811 1677 897 1740 auris
968 1686 972 1702 ¹

63 1775 191 1838 nuntius
214 1772 356 1858 ingentis
380 1773 493 1856 ignota
515 1772 551 1836 in
572 1775 661 1836 veste
683 1777 828 1856 reportat

64 1871 223 1936 advenisse
246 1869 342 1934 viros.
389 1869 444 1933 ille
466 1870 553 1933 intra
575 1872 660 1932 tecta
683 1870 791 1933 vocari

63 1970 195 2052 imperat
218 1971 250 2030 et
274 1966 355 2029 solio
379 1966 501 2031 medius
524 1967 668 2030 consedit
692 1967 786 2031 avito.

64 2071 177 2130 tectum
196 2067 371 2148 augustum
388 2064 511 2150 ingens,
530 2067 657 2127 eentum
677 2063 814 2127 sublime
832 2063 999 2150 columnis,
1014 2082 1065 2129 110

63 2163 137 2227 urbe
159 2161 223 2226 11111
246 2183 381 2245 summa,
404 2159 573 2225 Laurentis
596 2159 685 2244 regia
707 2157 785 2244 Pici,

64 2259 252 2324 horrendum
275 2257 366 2321 silvis
389 2261 422 2320 et
444 2257 600 2342 religione
621 2261 799 2340 parentum.

63 2355 112 2420 hic
132 2358 260 2440 sceptra
283 2355 423 2438 accipere
446 2359 479 2419 et
500 2354 622 2438 primos
648 2353 795 2418 attollere
817 2354 918 2418 fasces

64 2453 187 2536 regibus
213 2472 307 2515 omen
330 2454 406 2536 erat,
428 2449 489 2515 hoc
512 2451 577 2514 illis
601 2451 690 2514 curia
712 2451 877 2536 templum,

64 2546 123 2612 hae·
139 2548 239 2612 sacris
264 2547 352 2612 sedes
376 2548 489 2633 epulis,
510 2548 563 2612 1110
586 2547 685 2612 011010
708 2569 798 2612 00000
1016 2565 1064 2613 155

64 2645 220 2730 perpetuis
246 2645 335 2709 soliti
357 2649 465 2728 patres
488 2644 651 2709 considere
673 2645 802 2710 mensis.

66 2741 258 2824 quinetiam
279 2745 425 2806 veterum
448 2742 569 2826 effigies
594 2765 632 2806 ex
656 2743 766 2806 ordine
790 2764 923 2806 avorum

66 2839 191 2922 antiqua
214 2859 231 2902 0
254 2839 375 2922 0001110,
397 2837 562 2922 Italusque
584 2843 738 2923 paterque
762 2837 900 2904 Sabinus
977 2907 978 2912 γ

64 2933 217 3021 vitisator,
240 2957 369 2998 curvam
388 2957 518 3000 servans
539 2936 598 3000 sub
622 2938 761 3021 imagine
784 2936 907 3022 falcem,

66 3028 281 3116 Saturnusque
305 3053 401 3096 senex
423 3031 557 3116 Ianique
580 3034 732 3098 bifrontis
756 3035 863 3118 imago
976 3041 977 3048 ’
1015 3050 1064 3098 180

66 3131 219 3194 vestibulo
244 3129 403 3215 astabant,
426 3129 544 3213 aliique
568 3130 607 3194 ab
632 3133 755 3216 origine
778 3152 869 3215 reges

66 3223 238 3311 Martiaque
261 3226 303 3290 ob
326 3227 464 3310 patriam
486 3227 658 3312 pugnando
681 3229 813 3292 volnera
834 3227 930 3311 passi.
982 3295 983 3305 ¹

65 3324 222 3408 multaque
245 3327 409 3406 praeterea
433 3324 531 3388 sacris
554 3325 589 3388 in
611 3326 759 3408 postibus
783 3346 884 3411 arma,
981 3309 985 3325 ¹

66 3421 176 3502 captivi
199 3421 340 3504 pendent
363 3443 475 3486 currus
499 3443 676 3506 curvaeque
700 3443 824 3486 secures

67 3517 95 3576 et
115 3519 228 3582 cristae
252 3519 393 3602 capitum
412 3521 444 3584 et
461 3523 628 3602 portarum
650 3521 795 3605 ingentia
814 3519 953 3583 claustra
1015 3536 1063 3583 185
