2556 3966
400 236 547 292 VERGILI
565 237 698 293 AENEIS
714 239 751 293 XI
1008 237 1070 302 361

78 393 204 459 Aurunci
227 395 405 480 Rutulique
429 402 540 464 serunt
563 403 595 463 et
617 421 743 463 vomere
767 399 864 464 duros

79 497 209 556 exercent
233 493 329 558 301133
353 497 450 578 atque
471 494 588 560 horum
610 496 784 579 asperrima
807 499 949 580 pascunt.

77 587 142 651 haec
162 590 265 654 omnis
288 591 377 675 regio
400 596 433 656 et
455 592 531 656 celsi
554 592 650 677 plaga
671 592 766 676 pinea
788 592 909 658 montis
1021 607 1073 658 330

79 684 154 748 cedat
175 687 334 751 amicitiae
357 687 562 774 Teucrorum,
585 693 617 753 et
639 689 776 756 foederis
796 711 913 772 aequas

78 775 203 848 dicamus
226 784 314 869 leges
338 785 506 868 sociosque
527 787 563 849 in
580 805 680 870 regna
698 807 856 850 vocemus.

78 880 240 966 considant,
263 881 292 944 33
314 885 426 946 tantus
450 903 549 968 amor,
572 886 604 946 et
626 881 752 946 moenia
775 879 921 946 condant.

78 976 119 1038 sin
139 977 217 1042 alios
240 978 316 1042 finis
340 979 499 1064 aliamque
521 999 685 1063 capessere
708 979 836 1063 gentem
881 1057 884 1064 1

78 1077 117 1136 333
137 1075 261 1139 animus
284 1080 485 1160 possuntque
508 1077 577 1141 solo
601 1077 747 1142 decedere
770 1080 897 1142 nostro:
1022 1093 1073 1142 303

78 1169 118 1233 bis
139 1171 234 1236 denas
256 1170 341 1237 Italo
365 1177 510 1237 texamus
534 1173 649 1238 robore
671 1173 763 1237 navis

78 1289 123 1330 seu
143 1269 244 1352 pluris
268 1271 426 1354 complere
450 1272 557 1334 valent
580 1269 677 1357 (iacet
700 1269 804 1335 omnis
828 1268 867 1334 ad
889 1270 1007 1335 undam

77 1365 237 1453 materies),
259 1367 324 1450 ipsi
345 1389 576 1451 numerumque
598 1367 792 1451 modumque
815 1367 931 1432 carinis

78 1463 270 1550 praecipiant,
291 1487 352 1530 nos
376 1487 449 1530 aera
471 1485 584 1528 manus
608 1464 734 1528 navalia
757 1464 875 1529 demus.

78 1563 227 1639 practerea
250 1561 308 1645 qui
330 1561 415 1626 dicta
436 1561 541 1624 ierant
564 1565 596 1624 et
619 1561 746 1626 foedera
768 1561 896 1626 firment
1023 1577 1074 1626 330

78 1659 192 1721 centum
215 1661 361 1722 oratores
384 1657 488 1741 prima
511 1658 549 1722 de
572 1661 667 1742 gente
690 1657 823 1722 Latinos

78 1751 116 1815 ire
135 1754 238 1836 placet
260 1755 411 1838 pacisque
433 1776 531 1820 manu
553 1754 759 1837 praetendere
783 1777 898 1842 ramos,

78 1870 196 1914 munera
219 1853 381 1934 portantis
405 1851 538 1934 aurique
561 1851 731 1934 eborisque
754 1852 876 1917 talenta

79 1949 104 2008 et
124 1947 231 2012 sellam
253 1949 345 2033 regni
368 1949 574 2032 trabeamque
597 1947 738 2032 insignia
759 1950 871 2013 nostri.

79 2045 222 2108 consulite
245 2045 281 2114 33
302 2045 443 2110 medium
465 2051 498 2110 et
519 2045 615 2109 rebus
639 2046 814 2110 succurrite
836 2047 952 2112 fessis?
1024 2065 1075 2114 330

114 2141 191 2206 Tum
214 2140 356 2209 Drances
379 2142 463 2206 idem
486 2142 640 2227 infensus,
664 2164 759 2226 quem
781 2143 885 2227 gloria
908 2144 1008 2208 Turni

79 2237 197 2323 obliqua
219 2239 341 2306 invidia
364 2239 567 2322 stimulisque
590 2239 736 2323 agitabat
760 2240 886 2325 amaris,

78 2334 174 2420 largus
198 2357 298 2420 opum
320 2340 352 2400 et
375 2335 504 2421 linguae
527 2336 650 2420 melior,
674 2337 728 2400 sed
751 2336 869 2422 frigida
892 2337 977 2401 bello

79 2431 204 2518 dextera,
227 2433 370 2498 consiliis
393 2434 524 2498 habitus
547 2455 615 2497 303
636 2434 756 2499 futtilis
781 2438 901 2520 auctor,

79 2529 222 2593 seditione
245 2533 360 2612 potens
383 2527 499 2616 (genus
522 2531 597 2594 huic
618 2535 763 2596 materna
787 2531 961 2614 superbum
1025 2549 1076 2598 340

78 2626 220 2691 nobilitas
244 2627 351 2712 dabat,
373 2627 531 2691 incertum
554 2627 592 2691 de
615 2631 706 2710 patre
728 2625 876 2715 terebat),

79 2725 172 2808 surgit
195 2728 227 2788 33
249 2723 302 2788 1333
326 2727 438 2787 033333
460 2723 554 2789 dictis
579 2728 675 2808 atque
699 2729 831 2809 aggerat
854 2725 932 2788 iras:

79 2820 147 2884 ‘rem
167 2821 251 2885 nulli
274 2820 443 2884 obscuram
465 2824 595 2885 nostrae
618 2841 675 2884 nec
698 2821 785 2884 vocis
809 2825 956 2905 egentem

80 2919 217 3003 consulis,
240 2940 258 2982 ο
282 2917 457 2984 bouerex:
481 2918 587 2982 cuncti
612 2939 645 2982 se
670 2918 750 2982 scire
773 2917 925 3001 fatentur,

80 3014 146 3094 quid
165 3015 297 3079 fortuna
318 3015 401 3078 ferat
423 3014 545 3099 populi,
568 3015 623 3078 sed
646 3016 748 3079 dicere
771 3018 927 3078 mussant.
1025 3032 1075 3080 340

80 3109 124 3174 det
144 3112 325 3176 libertatem
347 3111 436 3176 fandi
459 3111 619 3194 flatusque
642 3112 788 3176 remittat

81 3208 158 3273 cuius
180 3210 222 3274 ob
246 3209 424 3292 auspicium
446 3209 625 3272 infaustum
646 3229 814 3292 moresque
839 3208 988 3272 sinistros

82 3300 184 3387 (dicam
207 3305 363 3390 equidem,
384 3305 459 3369 licet
482 3327 570 3370 arma
592 3304 672 3369 mihi
694 3308 894 3388 mortemque
916 3302 1070 3390 minetur)

80 3397 187 3466 lumina
209 3406 261 3466 tot
283 3400 433 3465 cecidisse
457 3400 572 3464 ducum
595 3405 762 3484 totamque
785 3400 929 3465 videmus

81 3499 245 3563 consedisse
268 3498 382 3564 urbem
404 3499 504 3582 luctu,
528 3498 604 3560 dum
627 3497 725 3561 Troia
747 3501 885 3580 temptat
1025 3513 1076 3559 300
