2552 3958
385 277 532 332 VERGILI
550 277 692 333 ECLOGA
710 278 736 331 ΙΙ
1043 275 1067 338 5

63 463 115 504 nec
136 445 168 504 te
189 443 354 524 paeniteat
377 443 497 505 calamo
521 440 649 504 trivisse
671 441 838 504 labellum:
911 445 913 451 '
978 448 999 470 ’·
1030 402 1083 502 34Ι

63 539 134 602 haec
155 541 265 602 eadem
288 544 325 603 ut
348 540 457 624 sciret,
481 539 557 622 quid
579 561 646 602 non
667 537 804 601 faciebat
828 535 1010 620 Amyntas?

64 723 119 786 Est
140 724 220 787 mihi
244 724 425 807 disparibus
450 728 572 807 septem
594 728 758 806 compacta
781 723 893 787 cicutis

65 821 177 906 fistula,
199 820 375 885 Damoetas
398 821 481 884 dono
504 821 584 883 mihi
609 844 705 904 quam
727 821 814 884 dedit
837 822 914 884 olim

66 922 92 980 et
113 918 192 980 dixit
214 919 368 982 moriens:
397 920 440 982 ‘te
462 939 548 982 nune
569 918 666 980 habet
689 918 753 980 ista
776 915 967 980 secundum'

66 1063 219 1141 praeterea
242 1059 304 1122 duo
327 1081 385 1122 neo
407 1062 479 1122 tuta
501 1061 581 1123 mihi
603 1061 685 1123 valle
709 1060 828 1142 reperti
1030 1074 1063 1120 40

66 1156 207 1240 capreoli,
231 1156 350 1239 sparsis
373 1157 470 1220 etiam
492 1178 577 1220 nunc
599 1157 737 1240 pellibus
761 1157 848 1240 alb03

10 1283 11 1290 κ
68 1253 134 1316 bina
155 1253 205 1316 die
229 1253 349 1315 siccant
372 1253 441 1316 ovis
464 1254 574 1317 ubera:
599 1275 679 1336 quos
703 1253 765 1316 tibi
789 1275 889 1316 servo,

65 1385 266 1468 iampridem
289 1407 307 1448 a
329 1407 379 1448 me
402 1385 475 1448 illos
500 1386 653 1449 abducere
677 1384 839 1467 Thestylis
864 1387 950 1470 orat,

66 1488 93 1545 et
114 1483 218 1567 faciet,
242 1482 394 1565 quoniam
418 1483 547 1546 sordent
570 1482 631 1546 tibi
654 1503 786 1544 munera
807 1487 928 1545 nostra.

65 1684 130 1749 Huc
151 1685 237 1770 adae,
261 1707 280 1747 ο
303 1685 465 1748 formonse
487 1706 579 1766 puer:
602 1684 664 1747 tibi
687 1685 757 1748 lilia
779 1685 883 1767 plenis
962 1715 963 1720 ¹
1029 1701 1062 1748 45

66 1805 128 1846 ecce
148 1783 254 1846 ferunt
276 1780 435 1863 nymphae
459 1780 607 1864 calathis,
630 1782 692 1844 tibi
715 1782 847 1845 candida
869 1783 939 1846 nais
946 1836 954 1868 ,
1124 1775 1126 1785 ¹

66 1879 205 1962 pallentis
227 1878 331 1942 violas
355 1882 386 1940 et
410 1901 533 1941 summa
556 1901 715 1961 papavera
738 1901 884 1965 carpene,

65 1977 233 2039 narcissum
256 1977 288 2036 et
311 1973 423 2036 florem
444 1975 550 2058 iungit
573 1975 653 2038 bene
677 1977 793 2039 olentis
818 1977 942 2061 anethi3

66 2077 129 2136 tum
150 2073 233 2137 casia
255 2075 352 2154 atque
376 2071 446 2134 aliis
469 2071 615 2134 intexens
640 2073 792 2136 suavibus
815 2074 923 2138 herbis

67 2168 167 2231 mollia
186 2167 309 2230 luteola
331 2165 437 2250 pingit
459 2167 600 2231 vaccinia
624 2170 714 2244 calta.
1029 2189 1062 2236 50

67 2300 128 2382 ipse
149 2321 205 2384 ego
230 2322 309 2363 cana
331 2300 436 2384 legam
458 2292 568 2363 tenera
590 2301 742 2386 lanugine
765 2304 849 2367 mala

69 2499 283 2578 castaneasque
305 2515 416 2579 nuces,
439 2517 508 2558 mea
532 2516 611 2577 quas
633 2494 809 2578 Amaryllis
834 2497 978 2580 amabat3

70 2592 169 2656 addam
190 2613 280 2655 cerea
302 2613 404 2674 pruna
427 2588 544 2676 (honos
568 2591 630 2654 erit
652 2591 726 2656 huic
751 2615 877 2677 quoque
900 2593 1027 2682 pomo),

70 2694 96 2750 et
114 2711 181 2774 vos,
204 2711 222 2752 o
245 2688 343 2774 lauri,
366 2709 492 2770 carpam
515 2691 546 2750 et
570 2692 615 2772 te,
638 2711 794 2771 proxuma
817 2695 935 2776 myrte,

71 2788 107 2851 sio
125 2787 247 2871 positae
271 2785 424 2869 quoniam
446 2786 553 2848 suavis
576 2787 717 2850 miscetis
742 2788 862 2850 odores.
1029 2807 1062 2854 55

71 2970 207 3036 Rusticus
231 2994 281 3056 es,
304 2968 466 3053 Corydon:
489 2992 546 3034 nec
569 2993 709 3034 munera
723 2976 813 3035 curat
836 2971 960 3060 Alexis,

70 3089 127 3154 nec,
149 3071 176 3134 si
197 3068 385 3134 muneribus
408 3072 523 3154 certes,
546 3067 696 3132 concedat
719 3066 825 3133 Iollas.
884 3149 887 3154 Ι

71 3220 268 3228 ——--———-

71 3309 121 3369 Pan
140 3311 270 3388 primum
293 3311 423 3370 calamos
447 3329 514 3370 cera
537 3311 715 3386 coniungere
738 3313 832 3386 pluris
1028 3326 1061 3372 32

71 3405 199 3486 instituit,
223 3409 287 3467 Pan
311 3412 398 3467 curat
422 3408 485 3466 ovis
511 3409 670 3482 oviumque
693 3410 854 3485 magistros

72 3547 133 3608 dixit
154 3551 328 3624 Damnem,
351 3549 460 3608 invidit
483 3550 594 3608 stultus
619 3551 765 3626 Amyntas
1027 3561 1059 3606 39
