2556 3966
361 211 508 267 VERGILI
526 212 659 266 AENEIS
679 213 729 268 XII
988 213 1052 278 401

50 375 189 458 amplius.
236 375 330 460 hunc,
354 396 420 457 ora,
445 376 513 438 sine
535 397 586 438 me
608 375 714 439 furere
738 379 812 438 ante
835 375 1055 440 furorem'cco

50 474 124 536 dixit
147 477 180 535 et
203 493 220 535 e
244 492 339 536 curru
363 472 481 536 saltum
504 472 591 535 dedit
616 471 704 536 ocius
728 472 813 535 arvis

52 591 161 652 perque
184 566 300 653 hostis,
322 590 379 651 per
401 569 467 632 tela
489 569 555 632 ruit
578 572 795 651 maestamque
815 590 958 633 sororem

51 666 159 730 deserit
178 688 215 730 ac
237 665 349 748 rapido
373 687 468 730 cursu
491 665 595 730 media
617 665 746 749 agmina
764 666 893 749 rumpit.

52 786 82 828 ac
102 762 203 826 veluti
225 763 347 826 montis
371 784 483 826 saxum
506 763 544 827 de
566 763 684 826 vertice
708 783 858 846 praeceps

51 882 116 922 eum
137 859 205 922 ruit
228 859 374 922 avolsum
396 862 502 944 vento,
524 881 580 923 seu
603 860 755 923 turbidus
778 859 881 923 imber
1003 874 1055 924 685

53 957 166 1038 proluit
189 960 245 1020 aut
269 955 361 1020 annis
385 955 482 1020 solvit
506 957 658 1040 sublapsa
680 961 837 1041 vetustas3

52 1055 146 1118 fertur
169 1054 203 1118 in
227 1053 401 1138 abruptum
422 1074 540 1138 magno
563 1076 655 1117 mons
680 1054 846 1138 improbus
870 1057 943 1118 actu

52 1151 231 1234 exultatque
254 1149 333 1234 solo,
352 1149 450 1214 silvas
473 1155 617 1214 armenta
639 1151 789 1235 virosque

53 1249 210 1312 involvens
235 1269 354 1311 aecum:
378 1247 510 1310 disiecta
532 1269 588 1331 per
611 1248 740 1332 agmina
762 1248 889 1312 Turnus

54 1346 94 1410 sic
115 1345 203 1410 urbis
227 1345 295 1408 ruit
318 1345 357 1409 ad
379 1365 499 1429 muros,
521 1344 578 1408 ubi
600 1345 738 1427 plurima
761 1345 833 1409 fuso
1002 1360 1054 1407 690

53 1442 202 1526 sanguine
224 1451 311 1505 terra
332 1441 439 1504 madet
463 1439 668 1524 striduntque
690 1442 864 1506 hastilibus
887 1461 993 1524 aurae,

54 1541 269 1626 significatque
292 1561 389 1603 manu
414 1542 445 1602 ct
467 1556 584 1620 magno
609 1537 706 1600 simul
728 1537 842 1621 incipit
865 1559 931 1600 ore:

54 1638 178 1720 ‘parcite
201 1637 275 1722 iam,
297 1635 421 1721 Rutuli,
444 1638 476 1698 et
499 1654 556 1696 vos
580 1635 644 1698 tela
668 1634 821 1720 inhibete,
843 1633 966 1718 Latini3

54 1755 264 1817 quaecumque
287 1737 336 1796 est
358 1729 511 1816 Fortuna,
532 1752 603 1794 mea
626 1736 687 1795 est:
711 1754 762 1796 me
785 1733 891 1796 verius
915 1755 1015 1797 unum

55 1854 105 1915 pro
128 1831 221 1896 vobis
243 1831 355 1896 foedus
377 1830 464 1893 luere
488 1831 520 1892 et
543 1828 707 1892 decernere
729 1831 835 1894 ferro’
1003 1847 1054 1896 695

54 1930 219 1994 discessere
243 1947 352 1992 omnes
375 1925 471 1990 medii
495 1925 698 2008 spatiumque
721 1926 841 1992 dedere.

92 2026 136 2089 At
157 2029 251 2108 pater
273 2024 397 2087 Aeneas
421 2023 530 2087 audito
553 2023 682 2087 nomine
705 2023 805 2087 Turni

53 2123 164 2186 deserit
188 2126 220 2184 et
242 2142 351 2185 muros
375 2124 407 2183 et
431 2141 570 2184 summas
594 2119 711 2184 deserit
735 2142 822 2186 arces

54 2219 300 2302 praecipitatque
322 2239 428 2281 moras
453 2216 567 2302 omnis,
591 2238 687 2300 opera
710 2219 817 2282 omnia
839 2219 961 2303 rumpit

55 2317 171 2380 laetitia
194 2315 352 2400 exultans,
374 2313 631 2396 horrendumque
654 2315 780 2379 intonat
805 2317 913 2380 armis:
1005 2333 1055 2380 τοο

55 2418 187 2496 quantus
205 2411 311 2476 Athos
336 2416 391 2474 aut
415 2415 555 2493 quantus
579 2411 669 2494 Eryx
692 2416 748 2475 aut
771 2413 840 2496 ipse
862 2413 1001 2478 conrscis
1089 2464 1095 2515 l

54 2530 120 2574 eum
142 2509 251 2574 fremit
274 2507 401 2572 ilicibus
425 2512 565 2591 quantus
588 2509 768 2593 gaudetque
790 2511 890 2574 nivali
1085 2532 1091 2593 ,¹

55 2608 165 2672 vertice
188 2628 222 2670 se
245 2605 397 2669 attollens
421 2609 512 2688 pater
535 2605 746 2688 Appenninus
770 2607 809 2670 ad
832 2630 934 2672 auras.

54 2705 113 2767 iam
134 2725 209 2768 vero
233 2707 266 2767 et
289 2701 403 2766 Rutuli
426 2702 571 2766 certatim
596 2707 627 2766 et
650 2703 748 2768 Troes
772 2708 805 2767 et
829 2726 937 2769 omnes

55 2806 232 2866 convertere
255 2800 364 2863 oculos
388 2798 474 2884 Itali,
497 2799 615 2882 quique
639 2800 704 2864 alta
726 2801 878 2865 tenebant
1004 2819 1055 2867 705

56 2899 174 2963 moenia
197 2897 316 2981 quique
338 2896 420 2960 imos
444 2896 617 2979 pulsabant
640 2898 738 2960 ariete
760 2918 879 2983 muros,

54 3016 197 3080 armaque
221 2994 393 3077 deposuere
416 2994 542 3058 umeris.
590 2998 697 3078 stupet
719 2995 788 3077 ipse
811 2993 947 3058 Latinus

56 3091 198 3178 ingentis,
220 3091 348 3177 genitos
372 3091 505 3155 diversis
529 3091 676 3175 partibus
696 3091 793 3176 orbis,

55 3187 133 3253 inter
154 3212 188 3254 se
210 3188 326 3254 coiisse
347 3188 434 3254 viros
458 3192 491 3253 et
514 3209 639 3252 cernere
661 3188 754 3252 ferro.

55 3287 145 3368 atque
167 3285 226 3370 illi,
249 3288 286 3348 ut
309 3307 408 3350 vacuo
432 3290 605 3369 patuerunt
629 3307 765 3369 aequore
788 3287 901 3378 campi,
1005 3304 1055 3352 710

57 3400 202 3460 procursu
225 3381 348 3466 rapido,
371 3382 523 3446 coniectis
546 3384 669 3447 eminus
693 3383 805 3469 hastis,

56 3477 202 3544 invadunt
223 3479 362 3544 Martem
384 3479 494 3563 clipeis
518 3484 614 3563 atque
637 3502 708 3543 aere
732 3502 858 3545 sonoro.

103 3595 216 3640 Ripaeos,
232 3593 316 3644 Varglt
859 3591 890 3636 26
