2552 3958
380 250 528 308 VERGILI
545 251 688 308 ECLOGA
707 253 747 308 ΙΙΙ
1045 253 1063 315 7

69 414 111 479 Μ.
136 413 359 502 Tum,credo,
383 438 455 479 cum
476 437 527 479 me
551 415 719 481 arbustum
741 415 848 480 videre
870 415 1007 480 Miconis
1032 431 1065 478 10

69 515 154 594 atque
175 512 260 575 mala
284 512 360 575 vitis
383 512 521 587 incidere
543 511 623 577 falce
645 514 796 578 novellas

68 609 103 674 D.
128 606 194 672 Aut
207 608 270 672 'hic
293 609 332 672 ed
354 613 477 672 veteres
500 610 592 694 fagos
615 632 688 674 cum
709 609 889 694 Daphnidis
913 632 1021 674 arcum

68 706 183 790 fregisti
201 709 234 768 et
257 707 409 770 calamos:
433 727 514 789 quae
536 712 587 793 tu,
609 729 757 791 perverse
779 707 937 793 Menalca,

68 807 183 866 etcum
206 803 318 866 vidisti
339 824 439 886 puero
463 803 594 890 donata,
616 805 760 891 dolebas,

67 907 94 964 et
115 902 230 965 sinon
252 901 362 983 aliqua
383 900 562 986 nocuisses,
583 904 730 965 mortuus
754 923 849 965 esses.
1033 919 1063 964 15

68 999 109 1063 M.
135 996 217 1073 Quid
240 997 362 1061 domini
385 997 518 1083 fociant,
541 999 658 1063 audent
681 1021 753 1062 cum
775 1000 854 1062 talia
877 998 984 1062 fures?

66 1118 123 1160 non
143 1116 202 1180 ego
225 1099 260 1159 te
282 1094 348 1158 vidi
370 1091 541 1180 Damonis,
563 1095 713 1181 pessime,
737 1118 868 1179 caprum

66 1194 199 1277 excipere
221 1191 362 1276 insidiis,
384 1191 524 1254 multum
545 1191 684 1256 latrante
707 1192 862 1276 Lycisca?

65 1295 183 1354 etcum
205 1290 377 1353 clamarem
399 1289 475 1371 ‘quo
497 1308 584 1352 nunc
606 1311 639 1352 se
661 1290 801 1373 proripit
823 1289 902 1354 ille?

66 1388 179 1473 dityre,
202 1407 281 1470 coge
303 1387 424 1470 pecust'
448 1388 485 1448 tu
507 1389 583 1468 post
606 1391 729 1450 carecta
751 1387 883 1451 latebas.
1029 1405 1062 1452 20

66 1485 100 1550 D.
126 1484 179 1550 An
200 1483 282 1547 mihi
304 1481 462 1546 cantando
485 1482 589 1546 victus
611 1505 678 1547 non
699 1485 843 1548 redderet
864 1485 920 1548 ille

65 1604 151 1665 quem
172 1603 243 1644 mea
266 1578 460 1644 carminibus
483 1579 653 1643 meruisset
675 1581 784 1644 fistula
807 1582 960 1664 caprum?

65 1680 88 1742 si
107 1679 224 1763 nescis,
246 1698 337 1758 meus
359 1676 414 1738 ille
437 1697 530 1758 caper
551 1676 627 1760 fuit3
650 1681 682 1740 et
704 1678 785 1740 mihi
807 1675 934 1742 Damon

64 1777 127 1858 ipse
147 1775 322 1857 fatebatur3
346 1773 401 1836 sed
423 1773 552 1836 reddere
574 1795 668 1856 posse
690 1775 838 1859 negabat.

65 1873 105 1936 M.
127 1871 290 1936 Cantando
305 1873 343 1932 tu
356 1869 470 1933 illum?
490 1873 545 1932 aut
559 1892 711 1952 umquam
724 1871 785 1934 tibi
799 1872 909 1935 fistula
924 1889 994 1936 cera
1028 1890 1061 1936 25

64 1971 164 2033 iuncta
185 1968 272 2032 tuit?
295 1977 363 2031 non
385 1969 421 2029 tu
443 1966 479 2030 in
500 1966 619 2051 triviis,
642 1967 781 2052 indocte,
804 1968 929 2032 solebas

64 2065 204 2130 stridenti
227 2064 381 2128 miserum
404 2061 524 2146 stipula
547 2062 727 2146 disperdere
749 2066 943 2141 nannents,

64 2164 99 2227 D.
127 2162 183 2226 Vis
207 2183 283 2246 ergo
306 2161 393 2224 inter
413 2181 473 2223 nos
497 2159 574 2243 quid
596 2160 700 2242 possit
723 2164 857 2244 uterque
879 2144 1021 2227 vicissim

64 2259 279 2344 experiamur?
307 2279 367 2342 ego
390 2256 473 2321 hanc
495 2257 631 2320 vitulam
653 2254 708 2342 (ne
729 2258 813 2322 forte
835 2279 974 2344 recuses,

64 2357 108 2421 bis
130 2358 216 2422 venit
240 2356 280 2418 ad
302 2355 485 2439 mulctram,
508 2354 601 2418 binos
625 2355 684 2418 alit
706 2354 803 2418 ubere
826 2352 925 2442 fetus)
1028 2375 1062 2422 30

64 2457 191 2539 depono:
215 2458 253 2516 tu
276 2451 340 2536 dic,
362 2472 487 2514 mecum
510 2472 573 2534 quo
596 2450 731 2534 pignore
754 2453 863 2514 certes.

66 2552 107 2615 M.
132 2548 180 2614 De
203 2570 300 2634 grege
322 2569 389 2611 non
411 2547 515 2611 ausim
538 2547 708 2630 quicquam
731 2545 886 2630 deponere
909 2551 1026 2612 tecum:

64 2653 107 2711 est
126 2647 206 2712 mihi
228 2665 367 2728 namque
390 2643 477 2708 domi
498 2648 603 2729 pater,
626 2647 675 2707 est
697 2643 819 2707 iniusta
841 2664 989 2730 noverca,

66 2744 168 2828 bisque
191 2743 243 2806 die
265 2745 436 2806 numerant
460 2740 554 2804 ambo
577 2761 688 2826 pecus,
711 2741 792 2804 alter
815 2744 847 2804 et
868 2740 995 2806 haedos.

65 2863 178 2927 verum,
200 2841 234 2904 id
258 2838 345 2922 quod
367 2838 470 2903 multo
494 2840 564 2900 tute
586 2838 656 2921 ipse
678 2836 819 2901 fatebere
841 2839 944 2902 maius
1028 2857 1062 2904 31

65 2937 210 3021 (insanire
233 2937 315 3000 libet
338 2936 490 3020 quoniam
512 2931 599 3021 tibi),
621 2935 736 3017 pocula
757 2956 875 3017 ponem

64 3035 175 3121 fagina,
199 3034 358 3098 caelatum
380 3032 481 3095 divini
505 3053 585 3115 opus
607 3031 853 3096 Alcimedontis:

17 3197 19 3210 ,
63 3130 140 3195 lenta
163 3130 282 3214 quibus
306 3133 401 3192 torno
424 3128 511 3191 facili
535 3149 630 3212 super
653 3129 760 3192 addita
782 3129 859 3192 vitis

64 3227 185 3292 diffusos
209 3226 303 3314 edera
325 3225 424 3289 vestit
447 3226 586 3308 pallente
609 3225 787 3309 corymbos.

65 3324 212 3389 inmedio
236 3324 300 3387 duo
325 3323 430 3407 signa,
455 3320 688 3386 001101111-
713 3323 784 3406 quis
808 3323 870 3386 fuit
895 3324 988 3410 alter,
1028 3342 1060 3390 1ο

65 3420 220 3505 descripsit
243 3419 334 3483 radio
357 3423 464 3482 totum
487 3419 543 3503 qui
565 3419 716 3504 gentibus
740 3419 863 3504 orbem,

66 3519 196 3601 tempora
220 3539 302 3601 quae
324 3537 461 3602 messor,
484 3537 565 3599 quae
588 3537 701 3580 crnvos
726 3520 834 3580 arator
856 3516 1009 3580 haberet?

656 3669 659 3676 ⁴
731 3671 735 3680 1

98 3686 233 3844 ‘epra
250 3723 298 3768 (a.
319 3667 428 3759 obeo
457 3703 494 3753 ,11
518 3761 523 3772 ,
547 3717 613 3765 υμ·
649 3730 662 3755 -.
