2574 3964
461 905 500 979 P.
528 906 723 980 VERGILI
760 907 972 980 MARONIS

374 1081 413 1164 G
456 1080 492 1162 Ε
538 1079 574 1162 0
619 1080 658 1162 R
703 1080 742 1164 G
786 1081 808 1162 Ι
854 1080 887 1164 O
934 1081 969 1164 Ο
1014 1083 1058 1164 N

524 1253 657 1319 urana
681 1253 910 1320 suovunvs

144 1404 146 1413 ’
257 1395 420 1460 Hactenus
444 1418 593 1460 arvorum
616 1396 722 1460 cultus
745 1401 777 1459 et
801 1397 904 1460 sidera
927 1399 1018 1482 caeli;

213 1515 298 1558 nunc
320 1497 365 1577 te,
387 1493 523 1578 Bacche,
545 1515 671 1578 canam,
692 1514 750 1558 nec
772 1515 839 1558 non
861 1495 1021 1558 silvestria
1043 1499 1153 1562 tecum
1278 1547 1279 1552 η

213 1591 354 1675 virgulta
377 1595 409 1655 et
431 1591 554 1674 prolem
576 1590 665 1653 tarde
689 1591 858 1654 crescentis
883 1593 992 1656 olivae.
1278 1611 1279 1620 ¹

213 1687 289 1773 huc,
310 1693 402 1772 pater
425 1711 443 1752 0
466 1687 588 1751 Lenaee
611 1684 691 1773 (tuis
714 1687 767 1751 hic
790 1689 896 1751 omnia
919 1689 1013 1771 plena
1278 1743 1279 1770 ,

213 1785 413 1869 muneribus,
435 1784 497 1848 tibi
519 1785 686 1867 pampineo
710 1785 859 1868 gravidus
884 1789 1036 1849 autumno
1212 1809 1229 1855 5
1278 1865 1279 1868 Ἴ

213 1883 306 1946 floret
329 1903 417 1968 ager,
440 1885 568 1965 spumat
590 1881 693 1964 plenis
717 1881 874 1945 vindemia
895 1881 1024 1970 labris),

212 1979 289 2066 huc,
310 1983 401 2064 pater
425 2001 443 2042 o
466 1977 601 2062 Lenaee,
624 1980 710 2062 veni,
731 1978 913 2062 nudataque
935 1984 1043 2043 musto

212 2077 324 2162 tingue
345 2067 429 2140 novo
452 2097 576 2140 mecum
598 2075 736 2159 dereptis
760 2097 851 2140 crura
874 2077 1024 2140 coturnis
1211 2097 1229 2146 8

212 2179 312 2259 tuque
335 2175 407 2238 ades
430 2174 655 2256 inceptumque
677 2195 740 2236 una
763 2174 891 2237 decurre
913 2174 1070 2258 laborem,
1191 2194 1229 2241 39
1278 2187 1279 2224 4

213 2293 232 2334 o
256 2271 363 2356 decus,
387 2292 405 2334 0
428 2270 531 2333 famae
553 2270 668 2333 merito
691 2292 765 2352 pars
788 2271 927 2334 maxima
948 2273 1087 2334 nostrae.
1190 2291 1230 2339 40
1278 2291 1279 2296 ’

211 2360 278 2433 non
300 2388 359 2452 ego
382 2371 495 2430 cuncta
513 2366 592 2430 meis
616 2365 764 2449 amplecti
781 2367 927 2430 versibus
951 2371 1042 2451 opto,
1190 2388 1230 2434 42

211 2465 386 2547 Maecenas,
408 2464 585 2548 pelagoque
607 2464 719 2528 volans
742 2465 816 2528 dare
838 2465 908 2529 vela
930 2465 1067 2549 patenti,
1190 2486 1228 2533 41
1278 2473 1279 2544 l

210 2585 289 2649 non,
311 2562 392 2626 mihi
415 2561 443 2624 si
465 2561 594 2646 linguae
616 2565 743 2624 centurn
767 2561 831 2624 sint
855 2583 972 2645 oraque
995 2566 1139 2649 centurn,
1190 2583 1229 2630 43
1278 2567 1279 2570 ’

211 2662 313 2724 ferrea
334 2681 405 2723 vox.
452 2658 525 2721 ades
549 2661 581 2721 et
603 2657 700 2740 primi
722 2657 792 2742 lege
814 2659 919 2722 litoris
944 2681 1045 2744 oram,

211 2760 244 2822 in
267 2758 415 2822 manibus
438 2761 556 2820 terrae:
578 2775 645 2818 non
666 2755 719 2817 hic
741 2759 773 2818 te
796 2755 934 2819 carmine
956 2756 1032 2819 ficto
1278 2823 1279 2828 1

212 2861 308 2939 atque
329 2877 386 2938 per
409 2854 558 2937 ambages
582 2855 614 2915 et
636 2852 733 2935 longa
756 2874 869 2916 exorsa
892 2853 1016 2916 tenebo,
1190 2874 1229 2921 40
1278 2865 1279 2870 ’

254 2949 415 3033 Principio
439 2949 608 3012 arboribus
631 2949 720 3012 varia
742 2953 791 3013 est
813 2954 929 3013 natura
952 2951 1105 3015 creandis.
1210 2971 1230 3019 9
1278 2959 1279 3002 ἓ

210 3069 347 3131 namque
371 3047 450 3110 aliae
472 3045 570 3109 nullis
593 3045 760 3109 hominum
782 3047 971 3131 cogentibus
993 3048 1083 3131 ipsae
1193 3070 1231 3118 10
1278 3061 1279 3120 ἰ

212 3149 326 3228 sponte
349 3165 407 3208 sua
420 3137 561 3207 'veniunt
585 3165 775 3226 camposque
798 3149 830 3207 et
852 3143 986 3207 flumina
1007 3143 1072 3208 late

211 3264 307 3306 curva
328 3244 453 3325 tenent,
475 3245 512 3304 ut
534 3242 631 3304 molle
655 3241 729 3303 siler
751 3241 918 3324 lentaeque
941 3229 1100 3327 genistae,

210 3339 349 3423 populus
373 3341 404 3401 et
428 3339 541 3422 glauca
564 3337 710 3402 canentia
732 3337 844 3401 fronde
868 3337 992 3422 salicta,

210 3457 285 3520 pars
309 3438 417 3498 autem
439 3435 546 3518 posito
570 3437 707 3518 surgunt
730 3434 767 3497 de
791 3435 924 3520 semine,
946 3440 982 3498 ut
1007 3435 1091 3500 altae

211 3535 390 3617 castaneae,
411 3551 639 3617 nemorumque
661 3531 731 3595 Iovi
754 3553 834 3615 quae
857 3532 995 3594 maxima
1017 3531 1151 3598 frondet
1196 3539 1233 3602 ‘15
1278 3531 1279 3612 l
