2574 3964
349 207 498 262 VERGILI
517 206 726 263 GEORGIOON
745 209 797 262 1111
1038 209 1079 274 93

65 376 116 434 ter
140 370 270 436 flarnma
294 371 334 434 ad
357 392 518 434 summum
540 370 618 434 tecti
642 369 785 435 subiecta
807 371 934 435 reluxit.
1029 387 1080 436 ³85

67 469 174 532 omine
198 490 263 552 quo
287 468 419 532 firmans
443 467 584 531 animum
609 467 654 530 sic
676 467 791 551 incipit
813 469 899 550 ipsa:

10 555 11 572 ³
112 565 233 629 ‘estin
256 563 432 648 Carphatio
455 561 601 646 Neptuni
623 563 752 648 gurgite
775 568 864 628 vates

10 727 12 760 ‚
67 663 233 727 caeruleus
256 660 408 746 Proteus,
429 681 583 745 magnum
607 661 662 744 qui
685 661 827 745 piscibus
852 683 970 746 aequor

67 765 99 824 et
121 761 234 824 iuncto
259 758 412 841 bipedum
435 779 530 822 curru
552 758 686 822 metitur
708 779 872 842 equorum.

66 857 119 920 hie
141 877 229 921 nunc
250 853 422 919 Emathiae
444 857 559 938 portus
582 855 783 938 patriamque
805 856 917 920 revisit
1029 871 1081 920 390

66 953 233 1038 Pallenen3
255 951 343 1016 hunc
364 955 397 1015 et
418 951 579 1036 nymphae
601 973 789 1015 veneramur
811 956 844 1017 et
866 953 935 1037 ipse

67 1051 269 1136 grandaevos
292 1046 432 1133 Nereus;
453 1048 546 1112 novit
567 1070 705 1133 namque
729 1050 836 1113 omnia
858 1053 961 1134 vates,

67 1170 153 1232 quae
176 1147 258 1233 sint,
281 1167 363 1230 quae
380 1145 513 1230 fuerint,
536 1167 618 1228 quae
639 1167 715 1210 mox
738 1151 873 1211 ventura
894 1146 1080 1228 trahantur;

67 1246 190 1330 quippe
212 1245 260 1307 ita
277 1241 431 1326 Neptuno
454 1243 560 1306 visum
583 1245 646 1330 est,
668 1243 820 1307 immania
842 1244 932 1308 cuius

66 1345 215 1407 armenta
238 1343 270 1404 et
293 1339 398 1423 turpis
421 1339 525 1422 pascit
548 1338 608 1403 sub
632 1340 760 1425 gurgite
783 1339 910 1424 phocas.
1029 1357 1080 1406 395

66 1441 119 1505 hie
143 1438 222 1524 tibi,
243 1439 333 1520 nate,
355 1435 445 1519 prius
468 1435 582 1500 vinclis
606 1437 797 1523 capiundus,
818 1441 856 1501 ut
880 1460 1006 1502 onmem

65 1535 219 1621 expediat
241 1533 348 1598 morbi
371 1554 500 1597 causam
522 1537 718 1618 eventusque
741 1535 898 1600 secundet.

65 1657 144 1699 nam
168 1633 237 1696 sine
260 1630 293 1695 vi
314 1650 381 1693 non
403 1629 470 1693 ulla
493 1629 582 1693 dabit
604 1634 787 1716 praecepta,
808 1653 910 1716 neque
932 1632 1025 1696 illum

66 1731 191 1798 orando
214 1727 337 1792 flectes:
360 1726 426 1791 vim
450 1727 562 1790 duram
585 1730 617 1790 et
639 1727 767 1791 vincula
789 1732 882 1812 capto

66 1829 178 1912 tende3
202 1826 268 1891 doli
291 1825 410 1889 circum
427 1824 507 1888 haec
524 1824 651 1887 demum
669 1825 863 1908 franguntur
881 1825 1000 1890 inanes.
1029 1844 1081 1892 400

66 1929 141 2010 ipsa
164 1943 224 2007 ego
249 1925 295 2006 te,
317 1920 439 1984 medios
463 1941 533 1984 oum
558 1921 607 1984 sol
630 1921 807 1986 accenderit
830 1926 950 2008 aestus,

66 2045 144 2089 eum
167 2020 284 2084 sitiunt
306 2017 424 2082 herbae
447 2021 479 2082 et
502 2017 609 2100 pecori
630 2017 695 2081 iam
718 2018 842 2102 gratior
864 2019 1023 2104 umbrast‚

66 2123 100 2185 in
125 2120 250 2182 secreta
274 2115 359 2179 senis
383 2115 509 2199 ducam,
532 2135 595 2197 quo
618 2114 722 2178 fessus
746 2114 786 2177 ab
809 2114 903 2178 undis

68 2240 101 2281 se
125 2213 257 2299 recipit,
278 2212 371 2276 facile
393 2216 431 2275 ut
454 2232 566 2275 somno
590 2211 775 2295 adgrediare
796 2211 960 2276 iacentem.

68 2336 182 2378 verum
205 2310 263 2375 ubi
286 2313 468 2392 correptum
491 2308 639 2372 manibus
663 2308 841 2392 vinclisque
863 2308 1001 2395 tenebis,
1028 2327 1079 2374 roo
1148 2361 1152 2370 .

67 2417 141 2474 tum
163 2408 273 2472 variae
291 2406 420 2470 eludent
443 2405 563 2490 species
586 2409 683 2489 atque
706 2427 762 2469 ora
784 2406 932 2470 ferarum.

68 2508 124 2570 fiet
149 2504 235 2568 enim
259 2501 368 2566 subito
393 2523 447 2566 sus
469 2501 618 2566 horridus
642 2505 774 2586 atraque
797 2502 891 2587 tigris
949 2543 952 2548 -

70 2621 328 2688 squamosusque
351 2599 445 2662 draco
469 2602 502 2662 et
524 2599 613 2662 fulva
636 2599 755 2663 cervice
777 2599 900 2686 leaena,

70 2706 126 2766 aut
150 2721 256 2764 acrem
278 2696 424 2761 flammae
448 2696 591 2760 sonitum
613 2696 702 2760 dabit
726 2699 822 2779 atque
845 2696 891 2758 ita
913 2696 1027 2762 vinclis

70 2797 208 2881 excidet,
232 2793 345 2858 autin
368 2813 466 2877 aquas
490 2793 596 2856 tenuis
619 2793 761 2876 dilapsus
785 2792 896 2856 abibit.
1029 2812 1080 2860 410

71 2895 125 2958 sed
148 2895 272 2978 quanto
295 2890 350 2954 ille
372 2890 476 2974 magis
499 2890 619 2953 formas
643 2912 678 2954 se
699 2893 803 2954 vertet
824 2889 859 2953 in
882 2891 1000 2976 omnis,

70 2996 137 3055 tam
158 2995 212 3074 tu,
235 2991 324 3073 nate,
346 2987 449 3071 magis
472 2987 627 3051 contende
649 2987 773 3051 tenacia
795 2987 913 3073 vincla,

71 3087 170 3151 donec
194 3084 271 3149 talis
296 3085 357 3148 erit
379 3087 504 3148 mutato
528 3106 675 3170 corpore,
698 3085 824 3167 qualem

70 3183 202 3266 videris,
224 3182 352 3264 incepto
376 3183 499 3265 tegeret
522 3202 594 3244 cum
615 3181 738 3244 lumina
761 3182 894 3245 somno?

113 3279 203 3344 Haec
222 3279 268 3342 ait
283 3282 315 3341 et
333 3278 492 3362 liquidum
506 3277 684 3342 ambrosiae
703 3277 848 3341 defundit
863 3278 1002 3364 odorem,
1029 3295 1080 3342 415

70 3399 134 3460 quo
158 3380 266 3440 totum
288 3375 357 3439 nati
380 3395 496 3458 corpus
519 3375 681 3460 perduxit3
705 3378 738 3438 at
761 3375 811 3438 illi

70 3473 171 3538 duleis
195 3472 384 3557 compositis
408 3472 543 3555 spiravit
566 3471 708 3534 crinibus
732 3493 823 3557 aura,
