2576 3970
427 251 575 306 VERGILI
594 251 724 306 annulo
742 251 768 304 V
1034 249 1096 312 211

85 413 247 496 Epytides
271 414 367 498 longe
389 414 476 478 dedit
497 413 705 496 insonuitque
728 413 863 498 flagello

86 509 146 572 olli
168 509 347 573 discurrere
369 533 472 596 pares,
495 514 591 594 atque
614 511 742 594 agmina
765 510 849 573 terni
1047 524 1098 573 580

86 605 228 670 diductis
252 607 375 670 solvere
398 606 504 671 choris
528 629 703 690 rursusque
725 607 831 672 vocati

85 707 275 767 convertere
297 705 366 768 vias
389 705 569 787 infestaque
591 703 656 766 tela
679 703 789 768 tulere.

85 799 162 862 inde
185 799 267 863 alios
290 800 402 864 ineunt
425 822 536 864 cursus
560 799 703 883 aliosque
725 821 871 865 recursus

87 897 214 960 adversi
238 897 362 982 spania,
385 898 589 979 alternosque
612 896 745 961 orbibus
769 897 863 961 orbes

85 993 279 1079 impediunt,
301 1015 490 1079 pugnaeque
513 994 597 1056 cient
620 994 790 1058 simulacra
813 992 874 1058 sub
897 993 1007 1074 armis3
1046 1007 1097 1056 585

87 1094 119 1154 et
142 1111 230 1154 nune
252 1094 343 1174 terga
365 1090 443 1174 fuga
465 1090 598 1176 nudant,
619 1112 704 1155 nunc
726 1091 850 1174 spicula
872 1093 1002 1153 vertunt

86 1187 217 1273 infensi,
239 1187 324 1268 faeta
346 1188 467 1271 pariter
489 1208 574 1250 nunc
596 1209 672 1270 paee
694 1188 849 1252 feruntur.

86 1289 124 1348 ut
149 1283 311 1368 quondam
334 1282 430 1349 Creta
451 1285 555 1348 fertur
577 1285 782 1368 labyrinthus
804 1285 839 1349 in
862 1285 928 1348 alta

86 1380 268 1465 parietibus
292 1386 418 1445 textum
441 1381 540 1446 caecis
563 1381 626 1444 iter
649 1383 881 1465 ancipitemque

86 1480 178 1542 mille
201 1480 262 1543 viis
286 1478 437 1543 habuisse
460 1479 579 1563 dolum,
602 1499 665 1562 qua
688 1477 781 1562 signa
804 1477 955 1561 sequendi
1046 1493 1098 1540 590

86 1578 253 1660 frangeret
275 1576 484 1658 indeprensus
508 1579 540 1638 et
562 1575 777 1638 inremeabilis
801 1595 901 1638 error:

86 1675 168 1737 haut
193 1673 257 1736 alio
281 1672 438 1736 Teucrum
460 1673 530 1735 nati
551 1672 688 1756 vestigia
711 1694 806 1736 cursu

86 1770 269 1854 impediunt
292 1772 468 1852 texuntque
491 1769 584 1853 fugas
607 1774 640 1832 et
661 1770 784 1852 proelia
806 1769 891 1854 lude,

87 1867 278 1951 delphinum
301 1866 432 1950 similes,
455 1866 511 1948 qui
533 1888 590 1949 per
612 1867 714 1929 maria
736 1866 843 1930 umida
865 1865 969 1928 nando

88 1963 302 2048 Carpathium
324 1961 543 2046 Libycumque
567 1967 682 2027 secant.
1046 1979 1097 2026 595

87 2063 176 2126 hune
198 2083 320 2126 morem
342 2082 454 2124 cursus
478 2064 575 2143 atquc
597 2061 675 2124 haec
697 2060 870 2124 certamina
883 2056 1014 2143 'primus

87 2159 259 2243 Ascanius,
280 2156 425 2241 Longam
447 2158 548 2220 muris
572 2178 644 2220 cum
666 2157 807 2241 cingeret
829 2155 956 2241 Albam,

88 2257 219 2321 rettulit
242 2259 274 2319 et
296 2254 423 2319 Priscos
446 2254 554 2318 docuit
577 2254 735 2318 celebrare
758 2253 902 2340 Latinos,

89 2375 154 2438 quo
178 2375 259 2436 puer
281 2353 351 2435 ipse
373 2351 478 2436 mode,
502 2373 608 2414 seeum
631 2372 694 2434 quo
718 2350 816 2414 Troia
837 2351 950 2435 pubes3

88 2451 211 2514 Albani
234 2449 367 2514 docuere
391 2470 479 2532 suos;
502 2448 577 2511 11110
599 2448 738 2512 maxima
760 2469 856 2532 porro
1046 2466 1097 2514 500

89 2546 212 2629 accepit
234 2543 338 2608 Roma
361 2549 393 2607 et
416 2543 558 2628 patrium
581 2545 720 2608 servavit
742 2544 910 2628 honorem3

89 2643 251 2726 'l‘roiaque
273 2663 367 2727 nunc,
388 2641 478 2724 pueri
501 2641 675 2704 Troianum
698 2643 815 2705 dicitur
838 2663 959 2726 agmen.

89 2742 150 2804 hac
172 2739 332 2804 celebrata
354 2743 448 2802 tenus
472 2743 582 2802 sancto
605 2741 778 2803 certamina
800 2741 893 2823 patri.

133 2836 221 2900 Hinc
242 2836 382 2919 primum
405 2834 548 2898 Fortuna
570 2835 665 2899 fidem
686 2841 811 2900 mutata
833 2839 972 2902 novavit.

90 2936 167 2998 dum
190 2933 288 2997 variis
311 2933 437 2997 tumulo
459 2933 602 2996 referunt
626 2933 792 2997 sollemnia
814 2934 908 3018 ludis,
1046 2954 1097 3000 505

89 3031 169 3094 Irim
192 3029 231 3092 de
253 3029 340 3094 eaelo
362 3030 452 3093 misit
473 3027 624 3094 Saturnia
646 3029 727 3094 Iuno

89 3127 222 3191 Iliacam
244 3127 284 3190 ad
306 3127 439 3190 classem
462 3131 638 3210 ventosque
662 3129 804 3211 adspirat
827 3129 925 3214 eunti,

90 3225 192 3288 multa
215 3245 346 3288 movens
369 3224 503 3288 necdum
527 3224 667 3288 anticum
691 3229 835 3288 saturata
858 3225 1008 3290 dolorem.

90 3323 156 3408 illa,
178 3322 263 3386 viam
286 3321 426 3385 celerans
448 3343 505 3404 per
527 3322 615 3385 mille
639 3322 799 3386 coloribus
823 3344 939 3408 arcum,

90 3465 302 3473 -—--—---——-

612 3523 778 3599 luduntque
802 3541 855 3598 per
877 3522 981 3580 undas.
1045 3534 1095 3580 595

885 3622 938 3672 14*
