2612 3964
198 271 265 335 150
528 269 675 323 VERGILI
695 267 824 322 AENEIS
843 268 881 322 111

195 433 228 496 vi
250 433 383 516 potitur.
429 431 506 516 quid
527 454 594 495 non
616 431 766 494 mortalia
789 435 920 513 pectora
945 432 1033 515 cogis
1040 484 1047 515 ‚

197 527 267 594 auri
289 552 378 594 sacra
400 530 522 594 fames?
546 533 722 611 postquam
746 551 845 611 pavor
870 551 943 592 ossa
965 529 1114 613 reliquit,

197 626 334 692 delectos
358 627 470 710 populi
493 626 533 690 ad
557 647 702 708 proceres
726 626 931 709 primumque
955 631 1123 710 parentem

196 727 341 788 monstra
364 724 458 788 deum
483 723 600 807 refero,
623 726 655 785 et
679 745 760 805 quae
785 723 827 786 sit
852 724 1010 787 sententia
1033 745 1143 806 posco.

198 822 346 885 omnibus
369 821 454 884 idem
476 820 617 904 animus,
641 820 794 883 scelerata
818 820 966 883 excedere
989 823 1091 905 terra,
1181 838 1215 886 oo

196 918 300 1000 linqui
323 918 485 1001 pollutum
506 915 687 998 hospitium
710 921 743 980 et
765 917 840 980 dare
863 917 1020 980 classibus
1046 922 1188 983 austros.

197 1036 273 1100 ergo
296 1015 513 1078 instauramus
537 1012 699 1096 Polydoro
724 1013 834 1076 funus:
859 1017 890 1076 et
913 1014 1027 1097 ingens

198 1105 362 1196 aggeritur
384 1111 509 1176 tumulo
533 1109 644 1194 tellus,
668 1113 755 1172 stant
778 1109 930 1173 manibus
955 1132 1028 1173 arae

197 1210 348 1274 caeruleis
371 1213 512 1273 maestae
536 1207 627 1271 vittis
653 1210 786 1294 atraque
809 1228 975 1292 cupressu,

198 1312 230 1370 et
252 1308 372 1371 circum
393 1306 509 1370 Iliades
533 1305 653 1368 crinem
675 1305 714 1367 de
737 1325 826 1366 more
849 1304 987 1389 solutae3
1183 1327 1216 1374 aa

198 1404 363 1467 inferimus
386 1402 495 1485 tepido
519 1402 702 1485 spumantia
726 1400 852 1483 cymbia
874 1401 957 1465 lacte

199 1501 364 1585 sanguinis
387 1504 419 1563 et
443 1499 525 1562 sacri
548 1502 690 1581 pateras,
713 1497 916 1580 animamque
939 1499 1110 1581 sepulchro

198 1598 362 1664 condimus
386 1601 418 1660 et
441 1617 558 1680 magna
581 1617 765 1678 supremum
790 1616 866 1658 voce
890 1594 1017 1659 ciemus.

150 1705 153 1737 ³
242 1695 319 1758 Inde
341 1693 398 1756 ubi
424 1693 525 1776 prima
548 1693 626 1756 fides
650 1692 779 1777 pelago,
802 1691 990 1776 placataque
1013 1697 1103 1759 venti

198 1794 276 1856 dant
293 1791 395 1854 maria
414 1795 446 1853 et
464 1791 545 1854 lenis
566 1789 725 1872 crepitans
740 1793 834 1853 vocat
849 1793 957 1853 auster
971 1790 1006 1854 in
1019 1792 1135 1878 altum,
1184 1815 1217 1860 70
1296 1777 1297 1840 1

199 1891 357 1953 deducunt
381 1888 458 1952 socii
482 1887 572 1951 navis
598 1891 629 1950 et
653 1886 751 1950 litora
775 1887 943 1969 complent.

199 1985 403 2070 provehimur
426 1987 537 2068 portu,
560 1988 727 2066 terraeque
750 1984 910 2066 urbesque
933 1984 1094 2050 recedunt.

200 2105 288 2146 sacra
310 2081 393 2146 mari
416 2081 534 2144 colitur
557 2081 660 2144 medio
685 2081 871 2164 gratissima
894 2080 991 2144 tellus

199 2176 723 2276 Nemlavmamaurnno
740 2177 888 2268 ,Aeaeo

200 2300 296 2361 quam
318 2277 390 2359 pius
415 2275 619 2358 arquitenens
643 2297 715 2338 oras
740 2279 772 2338 et
795 2276 891 2339 litora
916 2277 1046 2342 circum·
1183 2299 1218 2346 va

199 2377 357 2438 errantem
380 2372 517 2454 Mycono
542 2395 558 2436 e
581 2373 665 2435 celsa
689 2369 862 2455 Gyaroque
885 2373 1024 2436 revinxit

198 2473 428 2553 immotamque
451 2468 513 2532 ooli
536 2467 623 2531 dedit
646 2472 677 2530 et
701 2472 904 2534 contemnere
927 2474 1051 2534 ventos.

198 2568 261 2634 huc
282 2569 381 2652 feror,
403 2566 481 2629 haec
503 2565 605 2628 fessos
629 2568 701 2627 tuto
725 2565 942 2647 placidissima
966 2571 1064 2649 portu

199 2665 321 2747 accipit.
368 2663 488 2747 egressi
511 2683 698 2725 veneramur
721 2661 887 2744 Apollinis
910 2664 1030 2728 urbem.

199 2785 254 2825 rex
272 2760 387 2845 Anius,
406 2782 460 2823 rex
480 2759 563 2821 idem
581 2758 748 2822 hominum
765 2758 951 2844 Phoebique
972 2762 1131 2849 sacerdos,
1184 2783 1220 2832 80

199 2857 290 2920 vittis
315 2861 346 2920 et
370 2878 459 2919 sacra
482 2855 651 2919 redimitus
675 2860 821 2940 tempora
843 2857 951 2942 laura,

199 2954 350 3036 occurrit,
374 2957 513 3017 veterem
536 2952 700 3017 Anchisen
723 2955 876 3038 adgnovit
900 2955 1044 3019 amicum.

198 3051 362 3134 iungimus
385 3048 530 3132 hospitio
553 3050 681 3114 dextras
706 3055 738 3114 et
761 3055 847 3114 tecta
871 3051 1026 3116 subimus.

244 3146 375 3228 Templa
398 3145 448 3208 dei
473 3168 549 3210 saxo
574 3148 749 3211 venerabar
773 3151 896 3211 structa
920 3152 1063 3212 vetusto:

200 3245 250 3308 ‘da
268 3242 441 3328 propriam,
460 3241 671 3328 Thymbraee,
691 3245 834 3328 domum,
855 3245 894 3308 da
913 3247 1038 3308 moenia
1057 3247 1157 3312 fessis
1185 3267 1221 3315 85

198 3345 231 3404 et
253 3361 355 3424 genus
379 3343 411 3402 et
435 3362 619 3404 mansuram
641 3341 766 3425 urbem,
791 3363 884 3405 serva
908 3343 1009 3406 altera
1032 3343 1153 3409 Troiae

198 3437 366 3522 Pergama,
389 3437 542 3520 reliquias
566 3435 716 3502 Danaum
741 3443 837 3522 atque
860 3439 993 3503 immitis
1016 3437 1150 3506 Achilli.

197 3557 295 3618 quem
319 3534 504 3618 sequimur?
530 3556 636 3617 quove
659 3536 706 3599 ire
729 3536 833 3622 iubes,
856 3535 912 3599 ubi
935 3558 1054 3620 ponere
1078 3540 1196 3606 sedes?
