2556 3966
192 242 258 307 408
514 239 662 296 VERGILI
680 239 813 296 AENEIS
831 239 883 292 XII

195 403 385 467 succidimus
409 399 490 490 (non
507 403 622 487 lingua
645 402 740 488 valet,
761 423 828 464 non
851 422 982 484 corpore
1004 403 1106 464 notae

195 499 358 563 sufficiunt
381 500 475 585 vires,
495 520 554 563 nec
576 521 638 562 vox
663 503 718 562 aut
741 499 838 562 verba
862 497 1043 584 secuntur):

195 596 241 660 sic
264 595 383 681 Turno,
406 617 606 679 quacumque
628 595 714 658 viam
736 595 855 658 virtute
874 593 999 679 petivit,

196 714 376 757 successum
400 692 457 755 dea
480 691 549 756 dira
571 695 676 776 negat.
721 695 792 756 tum
813 695 943 775 pectore
967 712 1080 754 seusus

195 793 365 855 vertuntur
387 789 475 853 varii.
521 786 660 852 Rutulas
685 791 827 871 aspectat
851 792 883 852 et
906 788 1018 852 urbem
1156 803 1215 850 915

196 891 428 970 cunctaturque
451 891 539 950 metu
561 887 725 969 letumque
748 886 868 948 instare
893 885 1070 966 tremescit3

195 1005 254 1048 nec
277 1004 340 1068 quo
366 1004 399 1046 se
422 982 546 1066 eripiat,
567 1001 625 1046 nec
648 1003 711 1066 qua
734 983 767 1045 vi
789 981 900 1045 tendat
922 981 958 1045 in
979 981 1117 1065 hostem,

196 1101 254 1145 nec
277 1102 389 1145 currus
411 1101 548 1163 usquam
570 1078 657 1144 videt
680 1079 863 1163 aurigamve
887 1099 1037 1146 sororem.

197 1177 361 1242 cunctanti
384 1177 484 1240 telum
507 1175 631 1240 Aeneas
655 1174 752 1239 fatale
775 1179 931 1260 coruscat,

198 1275 333 1340 sortitus
356 1274 518 1337 fortunam
542 1272 653 1356 oculis,
675 1275 707 1336 et
730 1293 863 1356 corpore
885 1275 955 1336 toto
1157 1288 1215 1335 920

197 1372 321 1436 eminus
344 1370 516 1453 intorquet.
561 1368 677 1433 murali
701 1369 826 1433 concita
847 1391 1022 1452 numquam

198 1470 359 1532 tormento
383 1466 429 1530 sic
452 1487 528 1530 saxa
550 1465 701 1550 fremunt,
723 1486 781 1528 nec
804 1465 937 1528 fulmine
962 1464 1045 1527 tanti

198 1562 371 1626 dissultant
395 1561 544 1645 crepitus.
589 1561 677 1624 volat
700 1561 762 1624 atri
785 1560 925 1624 turbinis
949 1561 1053 1624 instar

199 1659 332 1723 exitium
356 1658 460 1722 dirum
482 1657 577 1721 hasta
599 1657 703 1720 ferens
728 1679 863 1741 orasque
886 1657 1021 1720 recludit

198 1756 315 1821 loricae
338 1759 370 1819 et
394 1755 487 1839 clipei
510 1759 669 1819 extremos
694 1754 908 1838 septemplicis
932 1754 1034 1818 orbes.
1157 1772 1215 1820 995
1273 1823 1274 1828 ,

199 1875 255 1938 per
278 1853 416 1917 medium
440 1852 577 1917 stridens
600 1851 718 1916 transit
740 1851 852 1915 femur.
897 1850 1010 1914 incidit
1032 1850 1119 1914 ictus
1273 1849 1274 1852 ’

199 1953 312 2036 ingens
336 1951 375 2014 ad
397 1954 516 2014 terram
539 1949 701 2032 duplicato
715 1941 847 2032 'poplite
870 1947 1005 2012 Turnus.

199 2051 398 2132 consurgunt
421 2047 543 2132 gemitu
565 2045 689 2130 Rutuli,
711 2049 863 2129 totusque
886 2044 1025 2128 remugit

199 2167 291 2210 mons
315 2145 445 2230 circum,
467 2149 499 2208 et
521 2164 632 2209 vocem
655 2142 719 2204 late
741 2163 872 2205 nemora
895 2141 968 2205 alta'
982 2141 1165 2206 remittunt.

199 2243 254 2308 ille
276 2242 408 2306 humilis
432 2241 566 2324 supplex
590 2239 709 2322 oculos,
732 2238 938 2321 dextramque
960 2242 1148 2320 precantem
1158 2256 1213 2304 939

200 2340 392 2424 protendens
416 2338 575 2421 ‘equidem
597 2335 699 2400 merui
721 2356 780 2398 nec
802 2334 964 2417 deprecor’
987 2333 1107 2416 inquit:

200 2440 301 2501 ‘utere
325 2439 410 2500 sorte
433 2440 497 2498 tua.
543 2434 709 2497 miserita
732 2432 825 2515 siqua
847 2431 989 2514 parentis

200 2541 331 2618 tangere
354 2554 430 2596 cura
452 2535 570 2616 potest,
593 2552 649 2594 oro
674 2527 751 2616 (fuit
775 2532 806 2592 et
829 2528 890 2592 tibi
913 2528 988 2591 talis

200 2630 356 2696 Anchises
380 2626 532 2715 genitor),
554 2627 661 2692 Dauni
684 2626 834 2690 miserere
857 2628 1001 2688 senectae

200 2734 232 2793 et
255 2750 305 2792 me
329 2749 384 2792 seu
408 2747 523 2809 corpus
547 2725 721 2809 spoliatum
743 2722 863 2786 lumine
886 2722 987 2785 mavis
1159 2741 1215 2788 999

200 2825 294 2890 redde
317 2824 404 2888 meis
450 2821 566 2906 vicisti,
589 2824 621 2884 et
643 2821 764 2884 victum
786 2819 915 2882 tendere
938 2819 1059 2901 palmas

200 2922 338 2987 Ausonii
360 2921 479 3004 videreq
502 2923 559 2982 tua
583 2921 632 2982 est
655 2917 788 2981 Lavinia
812 2917 963 2980 coniunx:

200 3020 336 3084 ulterius
358 3040 399 3082 ne
421 3016 514 3081 tende
539 3015 640 3078 odiis?
687 3013 778 3077 stetit
802 3035 874 3076 acer
896 3014 930 3076 in
953 3012 1050 3076 armis

200 3116 334 3200 Aeneas,
356 3115 487 3178 volvens
513 3113 631 3196 oculos,
654 3112 861 3193 dextramque
884 3109 1048 3193 repressit3

201 3218 233 3277 et
255 3213 319 3276 iam
342 3211 468 3293 iamque
491 3209 594 3293 magis
619 3210 821 3272 cunctantem
844 3206 970 3270 flectere
994 3227 1098 3270 sermo
1160 3225 1214 3272 990

201 3311 357 3392 coeperat,
379 3307 491 3370 infelix
515 3327 624 3368 umero
649 3325 721 3367 cum
745 3304 894 3386 apparuit
918 3304 983 3366 alto

201 3405 326 3468 balteus
350 3406 382 3464 et
404 3401 492 3464 notis
515 3401 676 3464 fulsenmt
699 3401 827 3484 cingula
851 3401 948 3463 bullis

200 3498 355 3566 Pallantis
379 3497 481 3581 pueri,
502 3498 623 3560 victum
647 3518 741 3578 quem
764 3496 894 3560 volnere
916 3496 1043 3560 Turnus
