2574 3964
430 244 577 299 VERGILI
596 245 726 300 annale
744 245 758 299 1
1036 205 1098 310 1011

87 404 174 467 nuda
197 425 284 488 genu
306 405 455 486 nodoque
478 405 567 470 sinus
592 407 724 470 collecta
747 407 886 494 fluentis.
1047 423 1099 470 110

87 523 124 564 ec
146 501 239 584 prior
262 501 376 586 ‘heus',
398 502 518 587 inquit,
542 501 693 588 eiuvenes,
714 483 906 588 momffl,
928 525 1071 567 mearum

87 597 216 661 vidistis
242 598 368 681 siquam
390 597 443 663 hic
466 603 625 662 errantem
647 600 732 664 forte
755 623 903 665 sororum

87 694 286 759 succinctam
308 696 473 780 pharetra,
496 699 528 759 et
550 697 730 760 maculosae
752 698 895 783 tegmina
917 697 1020 780 lyncis

87 796 145 856 aut
169 793 350 876 spumantis
375 793 444 876 apri
467 813 595 856 cursum
619 794 757 857 clamore
779 794 997 877 prementem?

133 889 189 954 Sic
211 889 337 974 Venus,
359 893 392 953 et
414 888 550 954 Veneris
575 895 687 954 contra
711 890 756 953 sic
778 889 865 954 filius
890 913 996 955 orsus:
1048 905 1099 954 325

88 987 193 1051 ‘nulla
215 991 345 1052 tuarum
368 986 478 1050 audita
500 985 580 1050 mihi
602 1009 705 1070 neque
727 987 797 1050 risa
820 1009 983 1072 sororum,

87 1108 107 1149 o
130 1107 294 1168 —quam
329 1088 363 1148 te
393 1105 580 1168 memorem,
615 1082 732 1167 virgo?
772 1105 910 1166 namque
939 1083 1005 1147 hau
1038 1081 1100 1145 tibi

888 1181 997 1245 voltus

87 1279 255 1363 mortalis,
277 1301 336 1342 nec
358 1300 421 1342 vox
444 1278 608 1342 hominem
631 1282 739 1361 sonat3
763 1299 783 1341 o
806 1278 864 1341 dea
887 1281 984 1363 certe,

87 1399 132 1439 an
153 1375 279 1440 Phoebi
303 1375 418 1440 soror?
443 1397 484 1438 an
504 1373 720 1458 nympharum
744 1376 910 1460 sanguinis
933 1376 1018 1440 una?

88 1473 135 1536 sis
158 1473 252 1558 felix,
273 1477 485 1554 nostrumque
508 1472 594 1535 leves
619 1493 834 1555 quaecumque
857 1473 1010 1558 laborem,
1049 1489 1099 1538 330

86 1575 136 1655 et,
156 1579 224 1653 'quo
249 1571 309 1634 sub
333 1569 419 1634 caelo
442 1569 585 1652 tandem,
608 1569 725 1651 quibus
750 1569 837 1632 orbis
860 1569 896 1632 in
918 1569 984 1632 oris

86 1667 260 1754 iactemur,
282 1667 412 1750 doceas3
434 1665 539 1750 ignari
561 1664 791 1748 hominumque
813 1665 1020 1749 locorumque

86 1787 235 1828 erramus
263 1767 359 1828 vento
382 1763 445 1826 huc
467 1763 568 1826 vastis
591 1766 623 1826 et
646 1762 797 1826 fluctibus
821 1763 900 1826 acti:

87 1860 194 1924 multa
216 1859 278 1922 tibi
302 1861 375 1922 ante
399 1879 469 1921 aras
492 1861 605 1921 nostra
627 1859 717 1923 cadet
739 1859 847 1922 hostia
870 1857 1001 1923 dextra?

134 1956 219 2020 Tum
228 1954 352 2019 Venus:
368 1955 458 2018 ‘haut
473 1955 618 2038 equidem
632 1955 691 2018 tali
704 1977 755 2020 me
769 1957 884 2045 dignor
893 1956 1028 2041 honore3
1046 1974 1098 2022 311

86 2053 272 2138 virginibus
295 2052 403 2135 Tyriis
426 2074 496 2116 mos
519 2056 569 2115 est
592 2056 718 2136 gestare
741 2053 925 2136 pharetram

86 2171 316 2235 purpureoque
339 2149 404 2212 alte
427 2169 517 2212 suras
540 2149 660 2213 vincire
683 2150 849 2214 cothurno.

86 2248 212 2312 Punica
234 2267 333 2331 regna
356 2245 458 2331 vides,
480 2245 595 2328 Tyrios
619 2250 651 2309 et
673 2244 833 2330 Agenoris
856 2246 981 2331 urbem3

87 2349 139 2409 set
163 2345 244 2408 fines
267 2342 394 2427 Libyci,
416 2363 517 2426 genus
539 2343 742 2406 intractabile
765 2343 859 2408 bello.
997 2425 1003 2435 Ι

86 2441 262 2524 imperium
283 2438 368 2502 Dido
391 2438 489 2522 Tyria
511 2440 595 2524 regit
618 2439 697 2504 urbe
720 2441 873 2526 profecta,
1046 2458 1097 2507 340

86 2559 279 2624 germanum
301 2535 437 2620 fugiens.
482 2535 580 2620 longa
603 2540 652 2600 est
674 2536 806 2620 iniuria,
828 2537 944 2621 longae

87 2635 256 2719 ambagem
279 2633 335 2696 sed
358 2655 482 2696 summa
505 2654 619 2715 sequar
642 2633 774 2718 fastigia
796 2656 911 2698 rerum.

86 2733 166 2796 huic
188 2730 327 2794 coniunx
351 2726 512 2812 Sychaeus
537 2733 618 2814 erat,
641 2730 819 2794 ditissimus
843 2731 912 2795 auri

86 2827 286 2894 Phoenicum
309 2830 341 2890 et
363 2846 480 2910 magno
503 2827 637 2890 miserae
660 2827 795 2891 dilectus
819 2850 939 2913 amore,

87 2929 140 2992 cui
163 2929 256 3010 pater
279 2923 434 2988 intactam
457 2923 585 3013 dederat
607 2923 783 3008 primisque
806 2924 933 3008 iugarat
1046 2944 1097 2992 111

87 3022 262 3089 ominibus.
309 3021 364 3085 sed
386 3041 486 3104 regna
508 3020 587 3104 Tyri
610 3042 779 3106 germanus
802 3020 942 3085 habebat

85 3119 295 3206 Pygmalion,
318 3117 433 3182 scelere
457 3122 531 3182 ante
554 3119 634 3182 alios
657 3118 826 3182 immanior
850 3119 962 3182 omnis.

85 3241 170 3304 quos
194 3218 279 3281 inter
302 3214 425 3279 medius
449 3215 537 3279 venit
560 3216 657 3280 furor.
704 3215 759 3279 ille
783 3213 960 3298 Sychaeum

85 3315 207 3400 impius
230 3317 306 3377 ante
328 3335 399 3376 aras
423 3315 519 3396 atquc
543 3313 613 3376 auri
636 3334 747 3376 caecus
771 3333 887 3392 amore¹

84 3414 170 3478 clam
192 3412 278 3476 ferro
301 3409 466 3475 incautum
489 3413 629 3495 superat,
653 3431 782 3474 securus
806 3432 951 3474 amorum
1045 3428 1097 3476 310

83 3531 270 3598 germanam
292 3508 476 3592 factumque
499 3508 554 3571 diu
578 3507 706 3592 celavit,
729 3511 761 3570 et
785 3528 913 3591 aegram
