2552 3958
376 219 526 278 verrom
543 223 688 279 ECLOGA
706 224 745 280 Vl
1027 225 1070 287 15

64 391 88 450 et
110 387 216 450 multo
239 383 411 469 inprimis
433 385 578 450 hilarans
600 387 747 450 convivia
768 385 893 450 Baccho

65 486 131 548 aute
154 483 277 568 focum,
300 483 329 546 si
350 483 455 566 frigus
479 483 553 566 erit,
576 484 604 546 si
625 484 755 568 messis,
776 484 813 547 in
833 484 949 547 umbra
1036 500 1071 546 το

65 582 131 646 rina
153 601 275 644 novom
296 579 430 643 fundam
451 579 586 644 calathis
608 581 740 644 Ariusia
760 585 878 644 nectar.

31 665 48 729 1
66 676 245 742 tentabunt
268 676 349 740 mihi
371 674 545 740 Damoetas
568 681 601 739 et
622 675 755 758 Lyctius
778 675 905 760 Aegon3

66 775 209 838 saltantis
233 778 362 838 saturos
385 774 567 838 imitabitur
588 772 834 856 Alphesiboeus

65 873 135 936 haec
157 871 222 936 tibi
246 893 370 954 semper
394 875 489 936 erunt
511 875 544 934 et
566 893 638 935 cum
661 871 830 934 sollemnia
851 874 929 933 vota

66 970 225 1034 reddemus
247 968 415 1052 nymphis,
437 973 470 1032 et
492 990 565 1030 cum
586 968 797 1031 lustrabimus
821 989 926 1052 agros.
1036 983 1070 1030 11

30 1072 45 1135 ε’
67 1067 147 1131 Dum
168 1067 246 1150 iuga
268 1065 389 1129 montis
413 1087 503 1152 aper,
525 1065 642 1129 fluvios
664 1066 741 1130 dum
762 1066 860 1149 piscis
883 1064 1017 1148 amabit,

68 1165 200 1247 dumque
222 1163 336 1245 thymo
359 1166 531 1245 pascentur
554 1183 644 1247 apes,
666 1162 742 1225 dum
763 1183 837 1225 rore
858 1161 995 1245 cicadae,

30 1257 47 1332 ζ’
70 1283 186 1345 semper
207 1259 313 1323 honos
335 1279 516 1341 nomenque
537 1263 631 1322 tuum
651 1259 825 1342 laudesque
846 1258 1029 1322 manebunt.

29 1354 45 1416 ε’
68 1361 99 1419 11
121 1354 246 1419 Baccho
271 1353 455 1440 Cererique,
476 1355 539 1418 tibi
563 1357 609 1419 sic
630 1361 707 1419 vota
729 1356 902 1439 quotannis
1035 1417 1046 1432 ,

32 1533 34 1540 χ
68 1454 219 1538 agricolae
239 1453 371 1536 facient3
394 1452 560 1516 damnabis
582 1457 620 1516 tu
643 1474 771 1536 quoque
792 1453 887 1516 votis.
1036 1469 1070 1516 80

106 1550 184 1615 ΜΟ.
208 1549 296 1625 Quae
314 1549 391 1634 tibi,
409 1571 490 1633 quae
508 1549 568 1612 tali
585 1550 713 1613 reddam
730 1573 790 1633 pro
809 1551 949 1614 carmine
966 1549 1071 1612 dona?
1098 1567 1110 1651 s

67 1670 136 1712 uam
156 1669 261 1730 neque
282 1669 334 1710 me
356 1651 484 1710 tantum
506 1647 664 1710 venientis
687 1648 802 1712 sibilus
826 1648 927 1711 austri
1094 1658 1099 1693 ¹
1124 1692 1143 1704 a
1160 1687 1179 1730 4

68 1767 121 1808 nec
140 1765 291 1828 percussa
313 1744 426 1806 iuvant
448 1743 549 1806 fluctu
571 1747 640 1808 tam
660 1745 772 1830 litora,
792 1767 851 1809 nec
874 1766 955 1828 quae
1011 1795 1015 1804 .
1129 1733 1155 1744 ⁵

70 1865 192 1908 saxosas
215 1843 302 1905 inter
325 1841 498 1904 decurrunt
520 1840 654 1904 flumina
674 1842 782 1904 valles.

69 1941 143 2005 ΜΕ.
168 1939 239 2003 Hac
261 1943 377 2004 tenos
400 1937 509 2022 fragili
532 1937 722 2001 donabimus
746 1942 821 2002 ante
843 1937 954 2001 cicuta.
1035 1954 1071 2003 85

68 2037 140 2101 haec
159 2059 219 2101 nos
243 2036 457 2100 ‘formonsum
479 2031 631 2117 Corydon
652 2034 784 2098 ardebat
806 2032 954 2118 Alexim‚'

69 2135 140 2198 hacc
161 2134 270 2198 eadem
292 2131 402 2196 docuit
426 2131 545 2194 ‘cuium
565 2131 685 2216 pecus?
708 2153 750 2194 an
771 2130 959 2194 Meliboei?

72 2231 142 2296 Mo.
168 2229 214 2294 At
231 2234 271 2293 tu
289 2250 379 2292 sume
397 2228 528 2312 pedum,
545 2229 645 2313 quod,
661 2250 713 2291 me
731 2249 804 2292 cum
822 2249 916 2310 saepe
932 2231 1073 2311 rogaret⁷

70 2350 131 2392 non
149 2328 226 2392 tulit
248 2325 427 2410 Antigenes
450 2322 498 2410 (et
522 2328 590 2388 erat
611 2328 689 2389 tuno
711 2325 828 2408 dignus
852 2319 967 2409 amari)

71 2425 261 2490 formonsum
283 2422 416 2506 paribus
433 2422 527 2486 nodis
548 2421 647 2506 atque
670 2443 755 2506 aere,
778 2419 929 2484 Menalca
1036 2436 1072 2484 90

536 2741 600 2822 VI

76 2899 171 2966 Prima
193 2900 362 2985 Syracosio
386 2900 518 2984 dignata
540 2903 589 2962 est
611 2898 720 2962 ludere
742 2919 837 2960 versu

77 3003 176 3062 nostra
196 3020 300 3082 neque
323 2997 453 3060 erubuit
476 2997 573 3060 silvas
595 2995 742 3058 habitare
764 2993 891 3057 Thalea.

79 3117 139 3158 cum
160 3117 303 3160 canerem
324 3115 416 3179 reges
440 3096 472 3156 et
495 3092 631 3177 proelia,
654 3089 813 3174 Cynthius
837 3112 945 3153 aurem

79 3193 156 3256 111111
178 3198 209 3257 11
232 3191 411 3257 admonuit:
434 3191 623 3274 pastorem,
645 3187 769 3272 Tityre,
791 3186 921 3270 pinguis

81 3310 192 3370 pascere
214 3293 344 3373 oportet
368 3287 452 3372 ovis,
474 3286 644 3350 deductum
666 3285 769 3347 dicere
792 3282 938 3346 carmen?
1055 3299 1071 3345 5

81 3403 151 3449 nuno
172 3408 229 3472 ego
253 3383 406 3474 (namque
429 3405 524 3468 super
547 3383 609 3446 tibi
632 3385 726 3446 erunt
749 3379 805 3462 qui
827 3379 930 3442 dicere
952 3377 1073 3461 laudes,

82 3477 164 3568 11111,
185 3490 257 3546 tuas
281 3482 413 3564 cupiant
436 3484 469 3542 et
491 3479 600 3543 tristia
622 3478 756 3542 condere
779 3472 878 3559 bella)
