2556 3966
393 249 540 305 VERGILI
559 251 691 306 AENEIS
711 251 762 306 llll
1019 254 1084 318 395

72 412 274 498 vestigatque
298 412 403 478 virum
426 415 458 475 et
481 412 612 476 disiecta
634 435 691 496 per
715 413 842 497 agmina
865 436 982 500 magna

72 531 150 573 voce
173 514 274 574 vocat.
321 509 470 592 quotiens
494 509 602 574 oeulos
626 510 760 574 coniecit
783 511 818 574 in
840 511 967 576 hostem

73 607 299 690 alipedumque
320 607 430 690 fugam
455 628 550 670 cursu
571 609 744 691 temptavit
762 630 926 693 equorum,

72 725 204 768 aversos
226 705 347 769 totiens
371 725 483 768 currus
506 702 642 768 Iuturna
665 705 805 770 retorsit.
1033 724 1084 772 485

72 803 135 866 heu
160 801 238 885 quid
261 801 358 886 agat?
383 801 470 866 vario
493 801 688 884 nequiquam
710 800 845 866 fluctuat
869 806 969 888 aestu,

72 900 281 982 diversaeque
303 902 420 962 voeant
444 898 586 962 animum
609 897 644 962 in
667 899 827 962 contraria
850 921 952 964 curae.

72 995 148 1060 huic
171 995 348 1078 Messapus,
371 995 420 1060 uti
444 995 533 1060 laeva
556 995 618 1058 duo
642 994 726 1059 forte
749 998 881 1079 gerebat

72 1094 161 1157 lenta
184 1093 264 1156 levis
288 1113 384 1156 cursu
407 1091 547 1175 praefixa
570 1091 701 1154 hastilia
724 1092 819 1177 ferro,

72 1190 191 1254 horum
212 1211 312 1253 unum
336 1191 421 1252 certo
445 1192 659 1272 contorquens
683 1188 799 1273 derigit
822 1189 895 1253 ictu.
1032 1207 1084 1256 490

74 1287 225 1351 substitit
248 1285 373 1349 Aeneas
397 1289 429 1350 et
453 1307 487 1350 se
510 1286 640 1370 collegit
662 1287 697 1350 in
720 1309 817 1372 arma,
1094 1361 1096 1373 ,

72 1385 197 1469 poplite
221 1383 402 1468 subsidens3
426 1384 548 1467 apicem
569 1386 678 1446 tamen
700 1384 799 1447 incita
821 1406 981 1448 summum
1036 1385 1037 1392 '
1087 1387 1097 1454 l

72 1484 168 1546 hasta
190 1481 268 1544 tulit
292 1503 495 1564 summasque
519 1481 659 1543 excussit
681 1481 799 1544 vertice
822 1481 944 1545 cristas.

73 1586 143 1644 tum
167 1599 244 1644 vero
268 1579 447 1663 adsurgunt
469 1578 549 1660 irae,
571 1577 759 1661 insidiisque
783 1578 945 1663 subactae,

73 1678 218 1741 diversos
241 1676 299 1738 ubi
323 1678 424 1740 sensit
446 1695 545 1759 equos
569 1695 760 1758 currumque
782 1677 903 1761 referri,
1034 1664 1101 1741 ‹195¹

73 1774 178 1838 multa
199 1771 309 1836 Iovem
331 1776 364 1834 et
386 1771 464 1834 laesi
487 1773 626 1833 testatus
649 1771 786 1835 foederis
810 1796 880 1837 aras

75 1873 139 1936 iam
163 1869 292 1934 tandem
315 1869 439 1933 invadit
461 1868 582 1932 medios
606 1872 638 1932 et
660 1868 763 1932 Marte
788 1870 924 1934 secundo

73 1968 231 2032 terribilis
255 1989 383 2030 saevam
405 1967 494 2029 nullo
519 1965 700 2028 discrimine
724 1965 850 2029 caedem

74 2065 211 2130 suscitat
234 2064 417 2146 irarumque
441 2062 544 2126 omnis
568 2061 701 2126 effundit
722 2061 870 2126 habenas.

117 2161 198 2237 Quis
208 2159 289 2224 mihi
297 2181 381 2223 nunc
391 2163 441 2222 tot
452 2158 564 2222 acerba
574 2159 662 2244 deus,
676 2159 748 2242 quis
764 2159 902 2222 carmine
913 2160 1022 2224 caedes
1034 2179 1085 2226 500

74 2260 217 2322 diversas
241 2257 430 2339 obitumque
453 2256 577 2339 ducum,
601 2277 681 2338 quos
706 2277 842 2340 aequore
865 2261 936 2319 toto

74 2357 172 2441 inque
196 2355 298 2418 vicem
320 2375 405 2417 nunc
428 2353 555 2417 Turnus
580 2353 657 2438 agit,
679 2375 765 2417 nune
788 2353 904 2417 Troius
927 2353 1032 2438 heros,

74 2451 245 2536 expediat?
269 2454 385 2514 tanton
407 2449 527 2533 placuit
551 2470 739 2514 concurrere
761 2454 861 2535 motu,

73 2550 231 2634 luppiter,
254 2551 383 2612 aeterna
406 2547 512 2631 gentis
535 2546 570 2609 in
591 2568 667 2630 pace
690 2547 838 2611 futuras?

74 2647 202 2712 Aeneas
225 2644 385 2708 Rutulum
409 2643 581 2708 Sucronem
605 2641 657 2730 (ea
679 2646 783 2728 prima
805 2646 927 2708 ruentis
1034 2633 1101 2710 505⁴

74 2765 184 2828 pugna
207 2742 278 2805 loco
304 2741 419 2804 statuit
442 2739 595 2826 Teucros)
619 2741 699 2804 haut
716 2743 819 2805 multa
842 2745 1019 2805 morantem

75 2841 194 2923 excipit
217 2839 252 2902 in
274 2837 360 2901 latus
384 2842 425 2922 et,
449 2860 511 2921 qua
533 2838 600 2901 fata
623 2837 806 2924 celerruma,
829 2839 960 2902 crudum

75 2936 270 3020 transadigit
294 2939 399 2999 costas
424 2939 455 2998 et
478 2935 574 2998 cratis
598 2937 737 3017 pectoris
761 2957 875 2999 ensem.

74 3035 203 3098 Turnus
228 3054 310 3115 equo
335 3032 492 3096 deiectum
513 3031 671 3114 Amycum
694 3033 889 3116 fratremque
912 3031 1042 3118 Dioren,

75 3151 268 3216 congressus
292 3129 397 3212 pedes,
419 3128 504 3191 hunc
528 3129 706 3192 venientem
729 3130 858 3212 cuspide
881 3130 988 3217 longa,
1033 3149 1086 3196 510

73 3230 159 3293 hunc
182 3248 334 3291 mucrone
357 3225 432 3289 ferit
456 3247 613 3308 curruque
637 3225 761 3289 abscisa
784 3225 920 3289 duorum

75 3323 243 3407 suspendit
267 3323 371 3405 capita
395 3327 426 3386 et
450 3323 594 3385 rorantia
617 3323 772 3406 sanguine
794 3327 869 3406 port
890 3328 911 3386 t.

74 3422 130 3484 ille
153 3420 257 3484 Talon
279 3419 475 3502 Tana-imque
498 3417 578 3482 Neci
602 3419 781 3502 fortemque
805 3417 991 3504 Cethegum,

75 3519 135 3583 tris
158 3540 224 3582 uno
248 3539 430 3602 congressu,
453 3521 484 3578 e't
507 3520 663 3580 maestum
688 3516 791 3580 mittit
815 3515 941 3600 Oniten,

1097 1243 1102 1281 l
