2576 3970
1004 4 1263 14 ‚—.-....—.-...—-..——.

403 250 552 305 VERGILI
570 251 703 308 AENEIS
718 253 755 307 v1
1010 255 1072 319 ‘221

67 411 222 495 Pasiphae
245 413 447 497 mixtumque
470 433 571 497 genus
594 415 765 499 prolesque
788 415 935 480 biformis
1041 434 1075 482 rs

67 507 268 573 Minotaurus
292 511 387 596 inest,
409 509 545 575 Veneris
568 511 764 575 monimenta
786 513 955 598 nefandae;

66 604 119 669 hic
141 607 232 670 labor
255 607 311 670 ille
334 607 447 671 domus
470 611 503 670 et
525 608 757 672 inextricabilis
781 631 882 694 error,

66 724 217 788 magnum
240 704 370 788 reginae
394 704 447 768 sed
471 705 556 768 enim
578 705 749 770 miseratus
772 728 912 771 amorem

66 799 224 865 Daedalus
247 803 318 885 ipse
341 801 431 866 dolos
455 801 533 865 tecti
556 800 769 885 ambagesque
792 803 934 888 resolvit,

67 905 158 962 caeca
179 919 294 982 regens
318 898 374 962 filo
398 899 543 982 vestigia.
590 902 627 960 tu
650 920 778 982 quoque
800 919 949 984 magnam
1041 917 1075 965 3ο

67 995 190 1075 partem
213 1013 308 1076 opere
331 993 367 1056 in
389 997 492 1078 tanto,
515 996 633 1058 sineret
656 995 757 1082 dolor,
779 994 877 1082 Ioare,
898 995 1041 1062 haberes.

67 1089 115 1152 bis
139 1093 272 1153 conatus
297 1094 366 1154 erat
388 1112 480 1154 casus
505 1085 658 1174 effingere
677 1092 713 1154 in
735 1114 823 1178 auro,

67 1186 115 1250 bis
137 1187 260 1270 patriae
284 1188 423 1251 cecidere
445 1209 567 1252 manus.
615 1188 694 1271 quin
716 1189 864 1271 protinus
889 1189 996 1254 omnia

66 1284 264 1368 perlegerent
288 1285 399 1370 oculis,
423 1285 458 1348 ni
480 1285 545 1349 iam
567 1285 762 1368 praemissus
785 1284 925 1351 Achates

67 1381 188 1445 adforet
211 1386 309 1465 atque
333 1403 397 1446 una
419 1379 543 1446 Phoebi
566 1381 754 1465 Triviaeque
777 1383 933 1468 sacerdos,
1040 1401 1074 1448 35

66 1476 232 1561 Deiphobe
256 1476 380 1564 Glauci,
402 1479 490 1543 fatur
513 1500 594 1562 quae
616 1479 696 1542 talia
718 1481 799 1564 regi:

68 1575 141 1638 ‘non
163 1574 225 1639 hoc
246 1574 311 1637 ista
335 1574 399 1638 sibi
421 1577 548 1658 tempus
572 1577 752 1658 spectacula
775 1578 892 1662 poseit3

66 1692 148 1734 nuno
171 1691 268 1756 grege
292 1671 329 1734 de
352 1671 474 1734 intacto
499 1677 622 1756 septem
644 1677 783 1737 mactare
805 1675 955 1739 iuvencos

67 1769 272 1852 praestiterit,
294 1767 430 1832 totidem
452 1767 551 1832 lectas
575 1770 613 1833 de
635 1793 724 1835 more
747 1771 906 1834 bidentis.’
1061 1831 1067 1843 ,

67 1866 183 1930 talibus
206 1866 315 1929 adfata
337 1863 468 1928 Aenean
492 1863 564 1952 (nec
587 1889 676 1932 sacra
698 1872 866 1933 morantur
1040 1887 1073 1936 40

67 1966 151 2029 iussa
172 1964 249 2052 viri)
274 1964 413 2028 Teucros
436 1967 530 2029 vocat
553 1964 619 2028 alta
641 1965 677 2028 in
698 1966 818 2048 templa
842 1967 995 2032 sacerdos.

107 2062 262 2126 Excisum
284 2060 449 2126 Euboicae
470 2061 557 2125 latus
580 2061 694 2146 ingens
717 2063 806 2145 rupis
829 2063 865 2126 in
887 2067 1025 2148 antrum,

68 2182 127 2244 quo
150 2159 211 2223 lati
234 2160 356 2222 ducunt
379 2159 484 2222 aditus
508 2161 646 2244 centum,
669 2160 752 2222 ostia
775 2163 914 2243 centurn,

67 2258 146 2320 unde
169 2261 268 2320 ruunt
293 2256 429 2319 totidem
451 2277 553 2340 voces,
576 2277 730 2338 responsa
753 2253 903 2340 Sibyllae.

67 2359 195 2418 rentum
218 2357 288 2417 erat
310 2353 351 2416 ad
373 2353 481 2437 limen,
503 2373 575 2415 cum
599 2352 690 2436 virgo
715 2351 856 2434 ‘poscere
878 2353 946 2416 fata
1039 2371 1073 2417 rc

67 2451 201 2535 tempus'
226 2451 285 2514 ait:
310 2451 409 2534 ‘deus,
431 2471 510 2535 ecce,
533 2448 634 2513 deusl’
659 2448 710 2511 cui
733 2447 812 2512 talia
834 2449 916 2512 fanti

68 2552 138 2612 ante
160 2548 247 2611 fores
272 2546 380 2610 subito
403 2568 469 2611 non
491 2536 609 2632 voltus,
631 2567 696 2609 non
720 2547 807 2610 color
830 2568 923 2630 unus,

68 2667 129 2710 non
151 2648 298 2727 comptae
321 2665 465 2708 mansere
488 2664 609 2728 comae,
633 2643 688 2706 sed
711 2647 822 2726 pectus
847 2643 1006 2729 anhelum,

69 2748 98 2806 et
119 2742 208 2807 rabie
231 2742 299 2806 fera
323 2741 418 2806 corda
441 2743 579 2824 tument,
601 2741 767 2824 maiorque
790 2739 891 2804 videri

69 2861 122 2904 nec
143 2839 281 2904 mortale
305 2860 431 2925 sonans,
455 2838 571 2901 adflata
594 2841 644 2900 est
665 2839 796 2901 numine
820 2837 946 2920 quando
1041 2855 1074 2903 50

70 2938 129 3002 iam
151 2937 303 3022 propiore
326 2937 384 3000 dei.
431 2937 546 3000 ‘cessas
569 2936 604 2998 in
626 2939 702 2999 vota
724 2957 906 3019 precesque,

70 3034 158 3100 Tros’
181 3035 229 3098 ait
253 3031 393 3097 ‘Aenesi
417 3035 544 3098 cessas?
567 3054 670 3116 neque
693 3032 777 3096 enirn
801 3035 875 3096 ante
897 3031 1061 3097 dehiscent

72 3133 224 3197 attonitae
246 3151 365 3216 magna
387 3153 443 3196 ora
465 3130 599 3194 domus?
646 3134 679 3194 et
701 3130 779 3193 talia
801 3130 869 3194 fata

72 3230 228 3294 conticuit.
275 3229 399 3313 gelidus
422 3226 552 3294 Teucris
575 3249 631 3311 per
655 3227 733 3291 dura
756 3227 895 3291 cucurrit

74 3347 141 3390 ossa
162 3331 292 3410 tremor,
314 3325 482 3409 funditque
504 3346 613 3408 preces
635 3346 691 3388 rex
715 3329 843 3408 pectore
867 3325 906 3389 ab
930 3325 1009 3390 imo:
1040 3342 1073 3389 oo

73 3421 215 3510 ‘Phoebe
238 3423 347 3508 gravis
370 3422 483 3486 Troiae
507 3443 630 3504 semper
653 3422 803 3486 miserato
824 3422 960 3508 labores,

73 3515 214 3584 Dardana
238 3520 294 3604 qui
317 3518 440 3583 Paridis
464 3519 586 3582 derexti
608 3519 674 3582 tela
695 3541 871 3594 manusque
