2612 3964
428 251 577 306 Venarni
595 251 727 306 Auunls
745 252 771 306 Il
1044 251 1107 316 143

89 412 163 496 ipse
187 435 285 477 manu
307 416 448 477 mortem
470 413 646 497 inveniam3
668 414 874 478 miserebitur
896 414 1001 479 hostis
1056 429 1107 480 646

89 509 290 593 exuviasque
313 513 410 593 petet.
455 510 559 574 facilis
582 511 706 574 iactura
729 511 897 594 sepulchri.

89 607 158 670 iam
182 607 305 690 pridem
328 607 452 670 inrisus
475 607 557 670 divis
580 611 613 671 et
635 608 761 672 inutilis
785 631 886 674 annos

90 703 252 789 demoror,
276 725 315 767 ex
339 725 402 786 quo
425 725 476 768 me
498 704 606 768 divom
628 708 720 788 pater
744 709 841 789 atque
863 706 1029 770 hominum
1050 728 1106 770 rex

89 800 239 864 fulminis
264 799 395 864 adflavit
417 800 522 864 ventis
546 804 578 864 et
601 802 738 886 contigit
760 803 849 888 igni?

137 897 230 962 Talia
252 898 420 982 perstabat
442 919 622 962 memorans
645 899 793 983 fixusque
815 901 973 966 manebat,
1053 917 1105 966 660

89 1017 152 1059 nos
178 1000 290 1060 contra
313 995 406 1060 effusi
429 995 569 1059 lacrimis
593 996 795 1080 coniunxque
818 995 938 1062 Creusa
994 1040 1001 1051 -

89 1093 316 1176 Ascaniusque
339 1093 506 1176 omnisque
529 1093 656 1176 domus,
677 1113 718 1157 ne
740 1097 864 1158 vertere
886 1089 994 1158 secum

89 1195 208 1254 cuncta
231 1193 322 1273 pater
345 1190 476 1272 fatoque
499 1190 628 1274 urgenti
650 1190 834 1254 incumbere
856 1193 961 1256 vellet.

89 1288 247 1372 abnegat,
269 1287 460 1370 inceptoque
483 1289 516 1351 et
540 1286 668 1350 sedibus
691 1287 802 1352 haeret
824 1289 859 1352 in
880 1289 990 1352 isdem.

88 1407 206 1449 rursus
225 1385 260 1448 111
278 1407 367 1448 arma
384 1384 480 1469 feror,
497 1387 696 1467 mortemque
714 1385 912 1449 miserrimus
932 1388 1018 1468 opto.
1052 1399 1103 1449 666

88 1505 168 1546 nam
191 1482 278 1566 quod
300 1481 470 1546 consilium
493 1485 549 1545 aut
572 1502 654 1563 quae
676 1481 740 1544 iam
762 1482 893 1546 fortuna
916 1481 1073 1546 dabatur?

92 1579 179 1642 ‘men
201 1579 313 1642 efferre
335 1577 461 1662 pedem,
483 1577 624 1662 genitor,
645 1581 679 1640 te
701 1599 796 1661 posse
819 1579 932 1642 relicto

89 1675 244 1762 sperasti,
266 1679 457 1758 tantumque
479 1675 569 1738 nefas
592 1674 698 1757 patrio
722 1675 839 1740 excidit
862 1676 938 1740 ore?

89 1773 118 1836 si
143 1771 229 1836 nihil
252 1793 290 1835 ex
313 1774 405 1834 tanta
428 1770 552 1853 superis
575 1771 679 1854 placet
703 1772 782 1835 urbe
804 1773 942 1856 relinqui

88 1875 122 1934 et
147 1869 235 1933 sedet
257 1867 320 1931 hoc
343 1867 463 1952 anima,
486 1867 710 1952 perituraeque
734 1869 847 1933 addere
869 1869 984 1933 Troiae
1049 1888 1101 1936 660

87 1972 188 2051 teque
211 1969 349 2048 tuosque
372 1964 475 2049 iuvat,
497 1967 586 2048 patet
609 1964 666 2028 isti
689 1965 785 2029 ianua
807 1966 890 2050 leto,

87 2066 220 2147 iamque
243 2062 346 2126 aderit
368 2061 471 2126 multo
493 2060 614 2125 Priami
637 2062 675 2125 de
698 2063 855 2148 sauguine
876 2063 1035 2150 Pyrrhus,

87 2164 227 2246 gnatum
263 2162 338 2222 ante
371 2180 426 2222 ora
457 2159 576 2243 patris,
612 2161 738 2242 patrem
770 2160 826 2244 qui
859 2161 1030 2226 obtruncat
1062 2162 1101 2226 ad

940 2281 1020 2322 aras.

86 2355 151 2419 hoc
174 2357 258 2438 erat,
281 2351 364 2416 alma
386 2373 515 2436 perena,
538 2353 624 2434 quod
646 2375 697 2417 me
720 2375 777 2437 per
799 2353 878 2440 tela,
900 2376 957 2438 per
979 2356 1064 2440 ignia

87 2451 202 2534 eripis,
224 2453 263 2512 ut
284 2449 397 2513 mediis
419 2449 547 2513 hostem
569 2448 604 2512 in
625 2451 844 2532 penetralibus
867 2456 966 2534 utque
1048 2471 1098 2519 666

87 2547 266 2612 Ascanium
288 2549 474 2629 patremque
497 2567 603 2610 meum
625 2546 780 2630 iuxtaque
803 2545 956 2612 Creusam

88 2647 227 2710 alterum
249 2643 285 2706 in
308 2643 439 2707 alterius
462 2646 620 2707 mactatos
645 2647 799 2728 sanguine
822 2645 970 2708 cernam?

88 2766 190 2828 arma,
213 2741 291 2824 riri,
312 2740 394 2804 ferte
417 2762 518 2823 arma3
540 2745 634 2804 vocat
656 2741 713 2804 lux
735 2741 850 2804 ultima
872 2741 983 2806 victos,

88 2841 211 2905 reddite
233 2860 285 2902 me
307 2836 442 2923 Danais,
465 2836 561 2900 sinite
584 2837 764 2901 instaurata
787 2837 923 2900 revisam

88 2936 218 3020 proelia.
256 2954 432 3016 numquam
450 2953 560 2996 omnes
578 2933 673 2997 hodie
690 2934 865 2997 moriemur
882 2934 999 3000 inulti?
1046 2954 1097 3003 610
1174 3003 1177 3008 ,

129 3032 218 3098 Hinc
240 3031 325 3094 ferro
349 3031 496 3114 accingor
518 3052 630 3094 rursus
654 3031 819 3114 clipeoque
843 3029 1008 3094 sinistram

88 3128 286 3194 insertabam
309 3129 423 3209 aptans
445 3147 559 3208 meque
581 3131 672 3190 extra
694 3131 780 3191 tecta
802 3127 949 3191 ferebam.

88 3249 155 3292 eece
179 3229 290 3290 autem
313 3223 477 3306 complexa
499 3223 594 3306 pedes
617 3224 653 3316 in
674 3223 784 3288 limine
808 3225 946 3288 coniunx

86 3315 241 3389 haerebat
262 3342 458 3406 parvomque
480 3321 566 3404 patri
588 3321 739 3384 tendebat
761 3320 879 3385 Iulum:

89 3423 126 3486 ‘si
147 3421 315 3506 periturus
339 3417 422 3504 abis,
445 3421 477 3482 et
499 3439 559 3482 nos
582 3440 658 3502 rape
681 3418 716 3482 in
739 3419 845 3482 omnia
869 3423 989 3504 tecum3
1044 3437 1095 3486 616

88 3519 136 3582 sin
160 3517 304 3601 aliquam
327 3519 476 3599 expertus
499 3516 636 3599 sumptis
661 3538 750 3600 spem
773 3516 867 3600 ponis
890 3516 925 3580 111
948 3516 1059 3603 armis,
