2612 3964
377 234 526 288 VERGlLI
544 233 677 288 AENEIS
696 234 748 288 IIII
1005 233 1067 298 189

61 399 169 462 dextra
191 397 298 462 feras?
344 396 426 460 dixit
448 395 629 480 vaginaque
653 395 748 478 eripit
771 417 879 460 ensem

61 495 249 559 fulmineum
273 493 450 577 strictoque
473 493 548 556 ferit
570 492 748 556 retinacula
770 493 864 556 ferro.
991 525 993 530 ·
1017 510 1068 558 oso

62 591 141 656 idem
166 591 270 656 omnis
294 591 392 655 simul
415 589 509 654 ardor
530 589 638 674 habet,
660 590 854 674 rapiuntque
876 593 1051 672 ruuntque:

62 689 156 754 litora
179 689 355 773 deseruere,
376 687 458 751 latet
482 686 541 750 sub
565 687 722 751 classibus
746 708 874 771 aequor,

62 786 167 849 adnixi
190 788 345 868 torquent
368 805 498 867 spumas
522 787 555 847 et
577 783 703 847 caerula
725 786 866 848 verrunt.

102 883 148 947 Et
170 884 236 947 iam
258 883 362 966 prima
383 902 469 946 novo
493 880 666 965 spargebat
687 880 808 944 lumine
829 884 933 945 terras

63 980 193 1045 lithoni
216 1001 362 1044 croceum
384 978 534 1062 linquens
557 975 685 1041 Aurora
708 977 820 1042 cubile.
923 989 927 996 '
1017 993 1068 1042 585

64 1077 170 1161 regina
194 1097 211 1138 e
234 1074 373 1158 speculis
395 1077 433 1138 ut
455 1073 593 1158 primam
616 1073 775 1138 albescere
797 1074 902 1139 lucem

64 1174 140 1237 vidit
163 1176 196 1236 et
219 1172 365 1256 aequatis
388 1171 523 1235 classem
544 1170 713 1254 procedere
736 1171 815 1236 velis

64 1271 219 1354 litoraque
241 1273 275 1334 et
297 1290 415 1332 vacuos
439 1267 540 1334 sensit
564 1268 633 1332 sine
654 1267 775 1354 remige
799 1272 923 1356 portus,

65 1373 171 1452 terque
195 1370 372 1452 quaterque
394 1387 492 1430 manu
514 1369 626 1450 pectus
648 1387 799 1449 percussa
822 1366 971 1430 decorum

66 1465 272 1548 flaventisque
295 1463 437 1527 abscissa
460 1483 566 1527 comas
590 1463 660 1545 ‘pro
683 1461 842 1546 Iuppiter!
865 1463 928 1527 ibit
1018 1479 1068 1528 oso

66 1561 125 1626 hic'
148 1563 193 1626 ait
217 1563 262 1626 ‘et
284 1561 406 1624 nostris
429 1559 579 1624 inluserit
602 1559 724 1624 advena
745 1559 876 1645 regnis?

67 1682 129 1723 non
149 1681 237 1723 arma
261 1657 429 1741 expedient
451 1661 584 1740 totaque
607 1678 646 1720 ex
668 1656 749 1720 urbe
772 1660 954 1741 sequentur,

67 1756 282 1839 deripientque
303 1758 390 1818 rates
413 1753 470 1817 alii
491 1753 683 1817 navalibus?
706 1753 761 1840 ite,

68 1854 142 1916 ferte
163 1851 220 1916 citi
242 1851 396 1936 flammas,
419 1851 492 1914 date
514 1851 589 1934 tels,
606 1851 763 1934 impellite
785 1853 904 1916 remosl

70 1950 140 2032 quid
173 1951 299 2033 loquor,
335 1953 392 2012 aut
427 1947 484 2012 ubi
520 1947 615 2012 sum?
653 1969 733 2031 quae
769 1952 910 2012 mentem
945 1947 1070 2012 insania

856 2047 973 2131 mutat,
1018 2063 1069 2111 595

71 2145 172 2209 infelix
194 2143 302 2208 Dido?
324 2163 411 2206 nunc
432 2146 465 2206 te
487 2142 572 2206 facta
594 2141 694 2226 impia
716 2141 879 2226 tangunt?

72 2247 134 2306 tum
154 2241 268 2327 decuit,
291 2262 364 2304 cum
386 2242 512 2322 sceptra
534 2237 641 2302 dabas.
687 2260 727 2302 en
749 2238 860 2302 dextra
882 2238 1032 2325 fidesque,

73 2361 157 2422 quem
178 2359 287 2403 secum
308 2335 433 2420 patrios
456 2336 548 2400 aiunt
569 2337 700 2420 portare
721 2338 864 2422 penates,

74 2459 157 2519 quern
180 2435 319 2500 subiisse
340 2433 459 2498 umeris
482 2433 663 2498 confectum
685 2435 790 2496 aetate
812 2436 990 2515 parentem!

74 2555 130 2596 uon
149 2533 242 2617 potui
265 2531 435 2614 abreptum
458 2529 607 2593 divellere
630 2551 746 2613 corpus
769 2533 802 2594 et
824 2530 919 2594 undis
1019 2549 1070 2598 600

74 2651 220 2715 spargere,
241 2650 310 2693 non
332 2627 446 2712 socios,
467 2647 534 2690 non
555 2627 663 2710 ipsum
685 2627 852 2692 absumere
874 2627 959 2693 ferro

75 2725 237 2791 Ascanium
258 2725 437 2809 patriisque
460 2724 653 2807 epulandum
675 2745 794 2807 ponere
816 2724 957 2788 mensis?

75 2845 173 2888 verum
195 2845 311 2906 anceps
334 2843 461 2907 pugnae
483 2822 589 2885 fuerat
611 2821 750 2886 fortuna.
795 2822 923 2885 fuisset:

76 2943 158 3003 quem
179 2922 281 2986 metui
303 2919 484 2984 moritura?
507 2919 591 2982 faces
615 2918 650 2982 in
672 2923 777 2982 castra
799 2920 948 2984 tulissem

75 3017 308 3103 implessemque
329 3018 419 3082 foros
442 3015 579 3079 flammis
600 3019 777 3100 natumque
799 3021 987 3101 patremque
1019 3035 1070 3084 605

75 3135 137 3180 cum
158 3139 272 3202 genere
294 3115 466 3198 estimem,
488 3116 605 3177 memet
628 3134 724 3196 super
746 3113 818 3196 ipsa
840 3113 1003 3178 dedissem.

76 3207 132 3297 Sol,
153 3213 208 3298 qui
229 3217 390 3276 terrarum
411 3210 548 3274 flammis
573 3231 669 3293 opera
693 3211 800 3274 omnia
821 3211 951 3295 lustras,

75 3309 163 3392 tuque
184 3309 300 3374 harum
322 3307 480 3392 interpres
504 3329 652 3370 curarum
673 3312 707 3372 et
729 3307 856 3372 conscia
878 3307 970 3394 Iuno,

75 3407 293 3492 nocturnisque
314 3403 436 3469 Hecate
459 3404 565 3468 triviis
588 3403 712 3468 ululata
734 3426 792 3487 per
813 3403 919 3489 urbes,

77 3504 103 3562 et
124 3503 205 3568 dirae
226 3502 358 3567 ultrices
382 3505 414 3566 et
437 3501 470 3564 di
491 3501 658 3565 morientis
681 3501 816 3586 Elissae,
1020 3519 1071 3566 610
