2576 3970
395 259 544 315 VERGILI
563 259 693 315 AENEIS
712 261 763 314 VII
1020 261 1084 326 249

94 421 177 484 delati
198 421 232 486 in
252 425 368 506 portus
390 443 454 486 neu
476 422 573 486 litora
596 421 665 486 dira
688 423 850 507 subirent,
959 461 962 465 -

94 515 247 600 Neptunus
271 518 378 582 rancis
400 517 547 601 implevit
569 518 640 582 vela
663 520 809 584 secundis

94 618 177 698 atque
198 615 307 700 fugam
331 615 417 678 dedic
441 619 473 678 et
496 619 622 698 praeier
645 617 726 681 vada
749 615 871 680 fervida
894 615 990 682 verrii.

129 711 251 796 Iamque
268 713 459 776 rubescebat
477 713 575 776 radiis
594 735 680 777 mare
701 717 733 776 et
752 713 880 778 aethere
895 714 934 778 ab
950 715 1015 779 alio
1049 731 1080 780 aa

92 809 204 874 Aurora
225 809 261 874 in
283 809 386 874 roseis
400 809 565 901 {nipe-bai
579 810 667 874 lutea
690 810 789 894 bigis:

93 929 154 971 cum
173 907 260 972 venti
282 929 420 990 posuere
444 907 612 990 omnisque
635 910 765 989 repente
788 905 907 971 resedit
1005 979 1017 995 Ἰ

92 1003 175 1067 flatus
198 1007 228 1068 et
251 1004 397 1096 inienio
411 1004 585 1096 querantur
608 1025 767 1067 marmore
790 1007 910 1067 tunsae.
962 1030 964 1044 ¹
1000 998 1035 1035 “‘

92 1106 176 1184 atqua
196 1101 249 1164 hic
270 1099 396 1176 Aeneas
419 1101 583 1184 ingentem
606 1123 644 1164 cx
668 1121 805 1184 aequore
829 1101 936 1165 lucum

91 1197 240 1281 prospicit.
285 1197 371 1260 hunc
392 1197 478 1260 inter
500 1197 598 1261 fluvio
622 1197 792 1262 Tiberinus
816 1218 948 1262 amoeno
1049 1213 1083 1262 80

90 1295 251 1359 verticibus
275 1295 396 1378 rapidis
420 1298 451 1358 et
473 1295 577 1358 multa
599 1294 700 1359 flavos
724 1294 843 1358 harena

90 1393 221 1457 inmare
243 1392 433 1476 prorumpit.
479 1391 586 1454 variae
609 1391 790 1475 circumque
814 1413 973 1475 supraque

90 1491 226 1554 adsuetae
249 1489 329 1572 ripis
352 1489 497 1554 volucres
522 1491 554 1552 ei
577 1487 719 1552 fluminis
743 1488 832 1552 alveo

90 1589 207 1652 aethera
228 1586 412 1650 mulcebant
435 1589 532 1650 cantu
554 1584 691 1668 lucoque
708 1585 870 1649 volabant.

89 1685 203 1750 flectere
225 1685 288 1748 iter
312 1683 407 1748 sociis
430 1687 598 1766 terraeque
622 1683 785 1747 advertere
807 1703 920 1766 proras
1050 1698 1083 1746 36

89 1782 213 1865 imperat
236 1784 268 1844 et
290 1781 395 1844 lacius
418 1779 516 1844 fluvio
541 1779 680 1843 succedit
703 1800 811 1862 opaco,

128 1877 216 1942 Nunc
240 1899 307 1963 age,
331 1878 386 1961 qui
408 1898 510 1962 reges,
532 1875 644 1961 Erato,
667 1897 748 1959 quae
770 1880 915 1960 tempora
939 1899 1061 1961 rerum,

90 1975 153 2058 quis
175 1975 267 2038 Latio
293 1975 425 2057 antiquo
448 1974 546 2037 fuerit
570 1977 685 2058 status,
709 1973 829 2037 advena
852 1974 985 2037 classem

90 2071 312 2156 cumprimum
334 2070 490 2134 Ausoniis
513 2069 670 2134 exercitus
694 2071 819 2154 appulit
843 2071 917 2155 cris,

91 2165 242 2249 expediam
265 2171 297 2230 er
320 2167 441 2250 primae
464 2167 620 2231 revocabo
644 2167 774 2231 exordia
795 2187 931 2252 pugnae.
1049 2183 1083 2232 40

92 2265 123 2325 tu
142 2267 253 2349 vatem,
275 2267 322 2349 tu,
345 2264 427 2349 diva,
449 2285 551 2328 mone.
598 2265 702 2328 dicam
724 2263 856 2328 horrida
878 2265 973 2351 bella,

93 2359 183 2426 dicam
204 2363 287 2426 acies
312 2365 464 2444 actosque
488 2361 602 2424 animis
626 2361 661 2424 in
683 2361 796 2424 funera
818 2382 908 2446 reges

92 2455 338 2542 Tyrrhenamque
361 2479 492 2522 manum
514 2461 680 2542 totamque
703 2459 763 2522 sub
788 2481 875 2522 arma
898 2461 1039 2522 coactam

90 2553 274 2639 Hesperiam.
297 2555 401 2618 maior
423 2577 531 2620 rerum
553 2555 633 2618 mihi
655 2555 799 2619 nascitur
823 2556 910 2642 ordc,

90 2652 181 2716 maius
204 2673 285 2736 opus
308 2673 430 2716 moveo,

447 2771 503 2813 rex
526 2771 603 2813 srva
625 2748 760 2814 Latinus
784 2754 816 2814 ei
839 2750 935 2815 urbes
1049 2767 1081 2815 45

90 2844 144 2910 iam
165 2847 270 2911 senior
292 2845 390 2930 longa
413 2847 552 2930 placidas
575 2846 610 2909 in
632 2869 708 2930 pace
730 2847 870 2932 regebat.

89 2941 162 3007 hunc
183 2943 294 3008 Fauno
319 2946 351 3005 et
373 2943 515 3027 nympha
539 2944 684 3028 genitum
706 2943 864 3008 Laurente
886 2944 1007 3010 Marica

90 3042 257 3126 accipimus,
280 3039 392 3104 Fauno
411 3039 505 3105 Picus
528 3045 620 3124 pater
643 3042 734 3125 isque
757 3047 923 3124 parentem

88 3139 124 3222 ie,
143 3135 286 3223 Saturne,
309 3137 416 3222 refert,
439 3141 473 3201 iu
499 3138 665 3222 sauguinis
688 3139 822 3202 ultimus
847 3144 965 3205 auctor.

88 3233 163 3300 filius
184 3235 258 3300 huic
280 3234 349 3300 faio
373 3235 480 3299 divum
502 3236 672 3318 prolesque
694 3236 797 3301 uirilis
1048 3256 1081 3303 sc

87 3331 165 3397 nulla
186 3334 248 3398 fuir
270 3333 437 3418 primaque
461 3333 567 3396 oriens
591 3336 699 3416 erepta
721 3331 851 3395 iuventa
875 3337 932 3397 esi.

89 3429 147 3493 sola
168 3431 298 3496 domum
321 3434 353 3493 ei
376 3431 484 3492 tantas
508 3429 656 3493 servabat
679 3428 746 3491 filia
770 3429 869 3514 sedes,

87 3524 142 3590 iam
162 3532 288 3592 matura
311 3525 391 3612 viro,
413 3526 478 3589 iam
500 3525 603 3609 plenis
626 3525 747 3588 nubilis
767 3525 867 3588 annis,
