2530 3960
202 249 267 313 442
617 249 805 304 MORETUM.

202 412 364 476 interdum
389 412 504 476 clamat
528 411 692 495 Scybalen.
728 415 796 475 erat
819 411 912 474 unica
935 414 1058 496 custos,

202 507 285 572 Afra
308 530 418 593 genus,
441 512 512 572 tota
534 509 673 591 patriam
695 511 835 572 testante
858 509 971 594 figura,

203 609 290 669 torta
314 627 437 669 comam
459 605 614 688 labroque
636 608 763 668 tumens
788 608 819 668 et
842 603 931 668 fusca
955 605 1073 688 colore,

203 708 334 787 pectora
356 705 432 788 lata,
455 703 561 767 iacens
583 701 740 785 mammis,
763 702 976 783 compressior
999 702 1084 785 alvo,

203 801 350 864 cruribus
375 799 476 884 exibe,
500 799 642 882 spatiosa
664 798 800 882 prodiga
822 799 941 882 planta.
1178 814 1206 860 35

204 897 379 981 [continuis
402 896 492 959 rimis
516 896 660 960 calcanea
684 895 783 959 scissa
805 895 981 980 rigebant]¹

203 994 285 1056 hanc
308 997 401 1056 vocat
425 997 521 1076 atque
544 1014 656 1056 arsura
678 993 757 1056 focis
781 993 933 1076 inponere
956 993 1048 1077 ligna

203 1091 340 1173 imperat
364 1095 396 1153 et
419 1089 547 1153 flamma
570 1089 691 1173 gelidos
716 1090 841 1154 adolere
863 1090 1014 1174 liquores.

247 1186 422 1271 Postquam
447 1187 592 1269 implevit
615 1208 695 1268 opus
719 1187 840 1250 iustum
863 1187 1013 1250 versatile
1037 1186 1145 1272 finem,

203 1284 358 1348 transfert
380 1284 454 1347 inde
477 1305 573 1346 mauu
596 1281 684 1346 fusas
707 1283 742 1346 in
764 1284 869 1347 cribra
891 1283 1012 1347 fannus
1178 1301 1206 1346 10

205 1385 236 1444 01
260 1381 375 1466 quatit,
399 1403 434 1444 ac
457 1382 622 1443 remanent
646 1401 771 1443 summo
794 1379 986 1463 purgamina
1010 1380 1117 1444 dorso

205 1479 344 1542 subsidit
367 1478 489 1541 sincera
512 1476 788 1560 foraminibusque
813 1475 957 1559 liquatur

205 1575 374 1638 emundata
398 1595 492 1638 ceres.
525 1574 588 1637 levi
612 1577 681 1636 tum
702 1573 849 1654 protinus
872 1572 961 1636 illam

205 1672 368 1754 componit
393 1671 512 1756 tabula,
534 1669 658 1752 tepidas
683 1691 778 1752 super
800 1669 919 1754 ingerit
938 1670 1058 1756 undas3

205 1766 366 1831 contrahit
390 1766 530 1830 admixta
553 1787 632 1829 nuce
655 1767 760 1828 fontes
785 1770 881 1849 atque
903 1766 1035 1851 farinas,
1178 1787 1204 1831 rs

205 1867 402 1927 transversat
425 1863 538 1926 durata
560 1885 668 1948 mauu,
690 1863 876 1946 liquidoque
899 1869 1011 1928 coacto

204 1960 365 2025 interdum
388 1980 519 2044 grunms
539 1960 663 2043 spargit
687 1961 760 2023 sale.
793 1961 921 2043 iamque
944 1961 1118 2026 subactum

205 2060 290 2122 levat
313 2079 393 2140 opus
417 2057 596 2140 palmisque
621 2078 714 2119 suum
737 2057 851 2120 dilatat
874 2058 909 2120 in
932 2059 1044 2122 orbem

206 2161 237 2221 et
259 2159 353 2218 notat
376 2154 541 2236 impressis
566 2175 666 2236 aequo
691 2154 873 2218 discrimine
897 2156 1037 2239 quadris

204 2254 301 2318 infert
324 2251 397 2314 iude
420 2251 491 2314 foco
516 2248 666 2336 (Scybale
689 2251 897 2315 mundaverat
921 2256 1034 2336 aptum
1177 2272 1203 2320 to

205 2355 288 2416 aute'
301 2345 422 2433 locum)
446 2347 603 2430 testisque
627 2347 718 2432 tegit,
742 2369 837 2431 super
861 2354 994 2433 aggerat
1018 2351 1118 2435 ignes.

205 2450 343 2529 dumque
367 2467 441 2508 suas
465 2446 590 2528 peragit
613 2443 777 2508 Vulcanus
800 2445 964 2529 Vestaque
987 2453 1107 2534 partes,

206 2542 347 2626 Simylus
370 2541 492 2604 interea
515 2563 614 2604 vacua
636 2562 703 2603 uon
725 2545 828 2604 cessat
851 2541 886 2604 in
908 2542 997 2628 hora,

204 2663 316 2707 verum
339 2639 434 2702 aliam
458 2637 520 2700 sibi
544 2638 669 2720 quaerit
693 2659 794 2721 opem,
816 2659 879 2702 neu
902 2638 971 2702 sola
994 2641 1106 2723 palato

206 2741 248 2804 sit
271 2759 338 2800 non
360 2740 453 2819 grata
476 2757 571 2820 ceres,
594 2757 673 2819 quas
698 2736 811 2818 iungat
835 2740 1000 2817 comparat
1024 2758 1121 2803 escas.
1177 2757 1202 2802 51

249 2833 325 2898 Νο11
347 2833 396 2896 illi
420 2852 575 2914 suspensa
598 2832 704 2894 focum
728 2833 872 2895 carnaria
895 2832 996 2917 iuxta,

205 2932 311 2997 durati
335 2931 400 2993 sale
424 2933 515 3012 terga
539 2927 605 2991 suis
629 2929 807 3014 truncique,
829 2929 997 3016 vacabant,

205 3030 357 3092 traiectus
381 3024 521 3088 medium
545 3028 653 3105 sparto
679 3025 733 3088 sed
756 3047 865 3089 caseus
889 3025 1002 3091 orbem

206 3129 353 3190 etvetus
378 3121 524 3186 adstricti
546 3121 641 3184 i'ascis
665 3121 823 3203 pendebat
847 3123 969 3187 anethi:

207 3223 298 3307 [ergo
323 3221 417 3284 aliam
441 3219 574 3282 molitur
598 3239 690 3300 opem
714 3218 777 3282 sibi
800 3219 952 3301 providus
977 3221 1086 3306 seris]¹
1177 3237 1202 3286 60

206 3321 320 3382 hortus
345 3321 413 3380 erat
436 3316 564 3378 iunctus
588 3315 723 3399 casulae,
746 3337 841 3398 quem
863 3315 985 3380 vimina
1008 3339 1111 3400 pauca

207 3421 239 3478 et
263 3414 383 3477 calamo
408 3412 549 3475 rediviva
572 3411 635 3473 levi
658 3410 805 3474 munibat
827 3412 984 3501 harundo,

208 3510 342 3594 exiguus
368 3508 484 3591 spatio,
508 3508 604 3568 10*κα
630 3507 681 3544 ΜᾸ
707 3508 822 3571 fertilis
846 3509 963 3576 herbis.
