2556 3966
188 271 255 335 390
514 268 661 323 VERGILI
679 268 810 323 AENEIS
829 269 880 322 XII

187 432 246 498 has
268 435 352 497 inter
375 454 479 518 vocae,
501 431 605 495 media
627 431 712 494 inter
735 431 813 495 talia
835 432 933 496 verba

188 553 257 594 ecce
280 531 348 594 viro
374 531 512 594 stridens
536 529 595 592 alis
619 528 749 611 adlapsa
773 527 893 611 sagitta
917 531 965 591 est

187 628 346 690 incertum
370 649 433 711 qua
455 627 549 710 pulsa
571 649 678 711 manu,
701 646 765 708 quo
788 623 918 688 turbine
942 625 1062 709 adacta,
1151 643 1205 689 320

189 725 261 806 quis
285 727 409 788 tantam
433 722 565 786 Rutulis
588 722 724 807 laudem,
747 745 880 786 casusne
904 723 1030 808 deusne,

189 821 347 884 attulerit:
371 843 482 904 pressa
505 824 554 884 est
577 819 713 903 insignis
738 819 841 903 gloria
863 821 950 904 facti,

188 939 247 981 nec
269 940 337 981 sese
360 917 486 982 Aeneae
510 917 643 982 iactavit
665 916 793 980 volnere
818 917 997 1001 quisquam.

189 1014 317 1078 Turnus
341 1019 378 1079 ut
401 1015 533 1079 Aenean
556 1014 718 1079 cedentem
741 1036 779 1077 ex
803 1015 929 1097 agmine
952 1015 1033 1078 vidit

189 1112 400 1195 turbatosque
424 1112 529 1198 ducesr,
552 1111 660 1176 subita
684 1132 739 1193 spe
761 1111 903 1174 fervidus
928 1112 1030 1176 ardet:
1151 1130 1204 1178 325

189 1208 294 1290 poscit
317 1229 416 1292 equos
441 1211 537 1291 atque
560 1230 648 1270 arma
673 1207 770 1270 simul
793 1207 941 1291 saltuque
966 1208 1126 1292 superbus

191 1305 304 1368 emicat
326 1306 361 1368 in
383 1326 511 1369 currum
535 1308 567 1366 et
590 1304 738 1367 manibus
761 1305 894 1368 molitur
916 1305 1066 1369 habenas.

190 1403 292 1465 multa
314 1402 420 1466 virum
442 1402 582 1465 volitans
607 1402 661 1464 dat
685 1401 782 1465 fortia
805 1423 939 1486 corpora
962 1400 1053 1489 Leto,

163 1498 361 1598 ,semineces
385 1497 488 1561 volvit
511 1496 632 1562 multos
657 1502 712 1561 aut
736 1498 864 1582 agmina
888 1521 983 1563 curru

91 1663 93 1668 ,
164 1616 167 1701 j
191 1595 328 1677 proterit
353 1597 408 1658 aut
430 1598 540 1677 raptas
564 1595 764 1678 fugientibus
787 1597 906 1680 ingerit
928 1596 1048 1662 hastas.
1151 1617 1204 1664 330

191 1692 294 1774 qualis
319 1695 396 1774 aput
420 1691 517 1775 gelidi
540 1713 612 1755 cum
635 1692 768 1757 flumina
791 1694 895 1758 concit
897 1716 934 1757 us
882 1694 1061 1758 tHebri

157 1811 159 1845 ι
192 1788 384 1872 sanguineus
408 1787 537 1852 Mavors
561 1789 705 1872 c'lupeo
696 1793 840 1872 increpat
864 1793 960 1873 atque
983 1791 1103 1854 furent
1078 1796 1122 1856 trs

154 1892 157 1956 ξ
191 1885 275 1948 bella
298 1907 429 1948 movens
452 1886 600 1948 immittit
574 1908 722 1969 requos
747 1884 810 1973 (illi
834 1908 971 1969 aequore
994 1892 1105 1970 aperto

152 1981 155 1995 '
191 1985 266 2045 ante
287 1985 383 2046 notos
407 1981 643 2092 zephyrumque
666 1983 790 2046 volant·
763 1988 790 2068 t,
814 1984 959 2067 gemitu
937 1985 1053 2048 utlima
1075 1987 1173 2068 pulsu

149 2078 151 2086 ’
191 2080 332 2144 Thraeca
355 2081 484 2164 pedum,
508 2081 689 2162 circumque
713 2084 799 2144 atrae
823 2079 1017 2144 Formidinis
1041 2105 1098 2146 ora
1151 2102 1202 2149 ³35

191 2176 324 2260 Iraeque
347 2176 556 2262 Insidiaeque,
579 2177 630 2240 dei
653 2177 834 2264 comitatus,
857 2176 1025 2265 aguntur):

153 2306 156 2318 ·
191 2274 267 2338 talis
291 2296 389 2358 equos
413 2274 516 2338 alacer
538 2273 641 2337 media
664 2275 748 2338 inter
771 2276 893 2357 proelia
912 2275 1040 2339 Turnus

192 2373 346 2436 fumantis
371 2371 486 2434 sudore
511 2371 626 2456 quatit,
648 2371 829 2435 miserabile
852 2372 951 2436 caesis

143 2487 145 2499 ’
191 2469 341 2534 hostibus
364 2467 537 2552 insultans,
562 2469 685 2553 spargit
708 2469 819 2551 rapida
842 2469 963 2553 ungula
986 2491 1074 2532 rores

193 2567 395 2652 sanguineos,
417 2565 582 2648 mixtaque
605 2586 699 2629 cruor
722 2566 862 2629 calcatur
883 2566 1009 2629 harena.
1154 2584 1204 2631 340
1271 2601 1272 2628 l

193 2665 320 2748 iamque
342 2660 422 2726 Neci
451 2659 701 2746 Sthenelumque
729 2662 815 2726 dedit
838 2662 1097 2746 Thamyrumque
1122 2663 1205 2727 Pho·
1271 2707 1272 2748 4

177 2763 181 2772 '
830 2759 970 2844 lumque,
1271 2831 1272 2836 η

192 2858 278 2922 hunc
301 2877 490 2941 congressus
514 2859 546 2919 et
568 2855 661 2941 hunc,
684 2856 776 2919 illum
800 2857 936 2942 eminus3
960 2856 1084 2919 eminus
1109 2857 1204 2920 ambo

193 2953 398 3037 Imbrasidas,
422 2951 578 3017 Glaucum
596 2957 692 3036 atque
711 2952 827 3038 Laden,
851 2975 931 3036 quos
949 2952 1114 3017 Imbrasus
1134 2955 1204 3039 ipse
1271 2977 1272 3040 p

193 3050 352 3116 nutrierat
376 3048 474 3132 Lycia
496 3049 692 3132 paribusque
716 3055 883 3113 ornaverat
907 3051 1012 3133 armis,

194 3149 245 3213 vel
267 3147 409 3210 conferre
432 3167 561 3208 manum
583 3146 635 3236 pel
658 3167 739 3228 equo
763 3150 961 3228 praevertere
983 3148 1105 3210 ventos
1154 3164 1204 3212 aaa
1271 3147 1272 3198 l

194 3248 286 3328 parte
310 3243 372 3304 alia
395 3241 498 3304 media
521 3241 679 3305 Eumedes
703 3242 738 3306 in
759 3242 882 3324 proelia
903 3243 1015 3328 fertur,

195 3339 320 3421 antiqui
344 3338 450 3420 proles
474 3337 558 3400 bello
582 3339 743 3419 praeclara
766 3337 911 3422 Dolonis,

194 3435 322 3500 nomine
347 3455 440 3496 avom
462 3435 612 3517 referens,
636 3434 740 3496 animo
765 3434 977 3516 manibusque
1000 3440 1179 3524 parentem,

195 3533 252 3616 qui
275 3528 444 3613 quondam,
467 3533 572 3592 castra
595 3533 631 3591 ut
654 3527 801 3590 Danaum
825 3531 1006 3608 speculator
1030 3530 1143 3618 adiret,
