2538 3970
430 286 578 342 VERGILI
596 287 727 342 AENEIS
747 288 811 342 VIII
1054 288 1117 354 281

101 449 181 517 felle
204 448 311 513 dolor:
334 449 420 532 rapit
444 471 531 513 arma
554 472 651 514 manu
673 450 830 534 nodisque
854 453 1022 534 gravatum
1069 465 1119 514 220

102 546 208 610 robur
231 549 264 610 et
287 545 365 609 aerii
388 567 484 610 cursu
506 547 589 630 petit
613 546 712 612 ardua
734 546 862 610 montis.

102 647 178 706 tum
201 642 342 726 primum
365 643 470 706 nostri
494 642 612 708 Cacum
634 644 742 708 videre
765 643 932 708 timentem

103 739 341 822 turbatumque
364 740 478 804 oculis:
501 740 587 824 fugit
610 741 697 804 ilicet
721 740 808 805 ocior
832 761 907 804 euro

106 835 357 920 speluncamque
380 836 463 918 petit
487 833 636 921 (pedibus
660 837 758 900 tImor
782 836 902 901 addidit
926 833 1015 922 alas).

105 937 147 996 02
170 954 240 997 2022
262 932 394 996 inclusit
416 933 586 1016 ruptisque
609 934 747 999 immane
770 933 890 998 catenis
1069 947 1120 997 220

106 1031 224 1094 deiecit
247 1052 370 1116 saxum,
392 1031 478 1095 ferro
502 1032 588 1115 quod
611 1036 643 1096 et
666 1035 735 1096 arte
758 1033 891 1115 paterna

107 1127 279 1213 pendebat,
301 1127 466 1211 fultosque
490 1129 626 1193 emuniit
651 1128 740 1194 obice
762 1129 876 1213 postis,

107 1247 179 1290 ecoe
202 1224 313 1288 furens
337 1225 452 1288 animis
476 1224 585 1290 aderat
608 1223 797 1309 Tirynthius
821 1245 1010 1308 omnemque

108 1343 273 1386 accessum
295 1321 437 1385 lustrans
460 1321 524 1388 huc
548 1344 604 1388 ora
627 1322 751 1386 ferebat
775 1325 807 1385 et
832 1321 918 1406 illuc,

108 1419 261 1483 dentibus
285 1419 477 1486 infrendens.
522 1423 572 1484 ter
595 1423 702 1484 totum
725 1418 865 1484 fervidus
889 1419 937 1482 ira
1070 1431 1121 1482 230

107 1518 230 1580 lustrat
253 1513 407 1578 Aventini
430 1519 583 1600 montem,
605 1519 656 1580 ter
680 1537 774 1580 saxea
797 1513 958 1598 2201022

108 1612 224 1676 limina
246 1611 450 1696 nequiquam,
473 1615 522 1676 ter
544 1612 649 1676 fessus
672 1613 756 1676 valle
778 1613 904 1677 resedit.

111 1708 222 1774 stabat
245 1711 338 1772 acuta
362 1707 452 1793 silex,
474 1709 626 1791 praecisis
650 1711 790 1793 undique
814 1711 900 1774 saxis
945 1791 948 1796 Ι

111 1806 282 1890 speluncae
305 1803 400 1869 dorso
423 1805 604 1891 insurgens,
627 1807 784 1871 altissima
807 1808 888 1891 visu,

111 1905 255 1967 dirarum
277 1901 361 1966 nidis
385 1902 497 1966 domus
522 1907 704 1986 opportuna
726 1903 899 1968 volucrum.
1070 1920 1120 1968 220

110 2003 204 2086 hanc,
225 2003 263 2063 ut
285 2021 388 2083 prona
410 2001 487 2084 iugo
511 2000 636 2065 laevom
658 1999 863 2065 incumbebat
886 2001 921 2063 in
939 2021 1073 2086 amnem,

112 2101 224 2162 dexter
246 2097 281 2161 in
304 2097 472 2160 adversum
494 2096 601 2162 nitens
625 2098 786 2162 concussit
810 2101 842 2160 et
864 2097 939 2161 imis

57 2229 63 2235 ·
113 2195 256 2260 avolsam
279 2193 377 2258 solvit
399 2193 575 2278 radicibus3
597 2195 671 2259 inde
694 2197 823 2278 repente

112 2291 252 2376 impulit,
273 2290 415 2373 impulsu
439 2312 502 2374 quo
526 2293 684 2356 maximus
707 2292 836 2356 intonat
860 2291 978 2376 aether,

113 2388 288 2454 dissultant
310 2388 398 2471 ripae
421 2386 593 2472 refluitque
616 2389 788 2454 exterritus
813 2389 924 2452 amnis.
1072 2403 1122 2453 240

113 2491 147 2551 22
171 2507 282 2569 specus
307 2489 339 2548 et
362 2482 438 2548 Caci
460 2485 584 2549 (1222022
607 2486 755 2569 apparuit
778 2486 892 2570 ingens

113 2583 211 2668 regia,
233 2585 266 2646 et
288 2582 458 2646 umbrosae
481 2582 609 2664 penitus
632 2587 764 2665 patuere
787 2604 953 2646 cavernae:

112 2703 178 2745 non
202 2700 293 2743 secus
316 2700 353 2742 ac
375 2679 468 2762 siqua
490 2679 619 2764 penitus
642 2679 675 2742 vi
698 2683 784 2742 terra
807 2678 970 2742 dehiscens
1033 2754 1036 2771 Ι

113 2779 255 2842 infernas
277 2779 397 2840 reseret·
421 2777 509 2840 sedes
533 2780 566 2840 et
588 2796 687 2860 regna
710 2776 854 2840 recludat
1036 2774 1038 2784 '

113 2874 242 2958 pallida,
265 2872 314 2936 dis
336 2873 450 2958 invisa,
473 2895 631 2958 superque
653 2873 791 2937 immane
815 2871 1002 2936 barathrum
1071 2888 1122 2937 242

113 2974 271 3054 cernatur,
295 2969 455 3052 trepident
479 2970 624 3034 immisso
648 2969 769 3034 lumine
792 2991 909 3034 manes.
1030 2972 1038 3061 ξ

113 3089 190 3154 ergo
213 3068 377 3150 insperata
400 3066 590 3149 deprensum
613 3067 683 3130 luce
705 3069 836 3148 repente

112 3166 335 3248 inclusumque
358 3185 435 3228 cavo
460 3186 537 3228 saxo
561 3167 658 3246 atque
681 3162 808 3226 insueta
831 3161 998 3226 rudentem

113 3263 248 3345 desuper
270 3259 398 3326 Alcides
422 3261 496 3326 telis
519 3261 636 3344 premit
660 3259 830 3342 omniaque
854 3281 943 3320 arma

114 3359 246 3424 advocat
269 3360 301 3421 et
324 3359 421 3422 ramis
445 3359 609 3442 vastisque
632 3356 808 3422 molaribus
831 3355 940 3419 instat.
1072 3370 1123 3418 200

113 3455 166 3520 ille
191 3459 299 3520 autem
323 3452 439 3540 (neque
463 3456 548 3518 enim
570 3455 648 3539 fuga
671 3454 736 3518 iam
760 3475 855 3536 super
878 3452 944 3516 ulla
967 3449 1092 3537 pericli>

113 3551 258 3617 faucibus
282 3551 446 3636 ingentem
470 3552 593 3615 fumum
617 3549 778 3637 (mirabile
802 3547 903 3636 dictu)
