2556 3966
404 296 552 354 VERGILI
569 296 701 352 AENEIS
719 297 757 352 XI

64 459 153 524 hune
175 459 279 544 virgo,
302 459 369 522 sive
392 463 429 523 ut
452 453 580 542 templis
604 459 793 544 praefigeret
819 481 907 523 arma

66 557 175 642 Troia,
199 556 326 640 captivo
341 555 418 620 'sive
441 559 478 619 ut
502 577 535 620 se
559 554 657 620 ferret
680 555 716 620 in
738 577 817 620 auro

66 653 226 739 venatrix,
247 674 349 718 unum
371 673 409 718 ex
434 652 521 728 omni
544 652 715 718 certamine
738 674 864 739 pugnae
1031 672 1084 722 780

67 771 160 814 eaeea
183 749 378 833 sequebatur
401 751 570 832 totumque
593 748 723 816 incauta
745 773 802 835 per
826 771 940 836 agmen

66 847 207 912 femineo
230 846 366 931 praedae
389 849 421 914 et
445 845 622 930 spoliorum
645 845 776 912 ardebat
800 868 915 932 amore,

67 946 171 1009 tolum
194 967 232 1010 ex
254 943 380 1008 insidiis
405 965 477 1008 oum
499 942 628 1008 tandem
651 947 794 1027 temporo
818 946 911 1027 capto

68 1043 210 1107 eoncitat
232 1045 265 1105 et
289 1061 422 1125 superos
446 1039 571 1106 Arruns
596 1039 643 1104 sio
664 1062 741 1106 voce
764 1045 924 1125 precatur:

68 1140 206 1204 ‘summe
228 1139 332 1224 deum,
355 1137 458 1202 saneti
482 1140 590 1202 eustos
615 1133 756 1202 Soractis
779 1136 908 1223 Apollo,
1030 1153 1081 1204 785
1130 1127 1133 1134 s

69 1259 166 1320 quem
187 1235 286 1320 primi
308 1235 454 1320 colimne,
477 1233 554 1317 quoi
577 1233 690 1317 pineus
714 1233 808 1298 ardor
837 1253 947 1298 acervo

69 1333 213 1417 pascitur
236 1336 268 1398 et
290 1331 431 1397 medium
452 1330 529 1395 freti
550 1331 671 1414 pietate
694 1351 751 1414 per
773 1329 882 1414 ignem

69 1430 209 1494 cultores
232 1429 335 1494 multa
357 1427 533 1513 premimus
557 1426 694 1511 vestigia
715 1449 829 1512 pruna,

69 1527 117 1613 da,
140 1531 242 1613 pater,
263 1526 324 1592 hoo
345 1526 467 1592 uostris
492 1523 614 1590 aboleri
637 1523 769 1588 dedecus
794 1524 901 1610 armis,

71 1623 283 1706 omnipotens.
328 1643 395 1686 non
418 1620 548 1688 exuvias
572 1621 723 1705 pulsaeve
746 1624 915 1704 tropaeum
1030 1637 1082 1686 700
1150 1614 1151 1629 ¹

70 1719 205 1804 virginis
229 1722 285 1783 ant
308 1717 416 1802 spolia
434 1717 501 1782 ulla
523 1719 598 1800 peto
621 1713 717 1802 (mihi
740 1720 845 1782 oetera
867 1717 993 1782 laudem

71 1817 154 1884 faeta
175 1813 309 1903 ferent):
332 1814 411 1880 haee
433 1814 502 1881 dira
524 1835 595 1878 meo
619 1814 695 1878 dum
717 1814 847 1879 volnere
869 1815 969 1898 pestis

72 1914 163 1996 pulsa
186 1913 287 1999 eadat,
309 1911 431 1995 patrias
454 1910 604 1976 remeabo
627 1911 785 1996 inglorius
804 1911 921 1976 urbes?

72 2010 172 2074 audiit
195 2014 227 2074 et
248 2009 318 2074 voti
339 2007 490 2074 Phoebus
514 2007 679 2072 suooedere
701 2011 827 2091 partem

72 2111 177 2170 mente
199 2105 296 2188 dedit,
318 2109 442 2188 partem
464 2104 604 2170 volueris
627 2104 777 2188 dispersit
800 2105 835 2168 in
857 2127 964 2175 auras:
1029 2123 1080 2172 700

73 2206 228 2267 sterneret
250 2206 288 2268 ut
312 2201 420 2268 subita
443 2202 606 2269 turbatam
629 2205 733 2266 morte
756 2199 938 2287 Camillam,

73 2301 183 2366 adnuit
205 2299 324 2383 oranti3
348 2299 495 2364 reducem
516 2303 554 2363 ut
576 2300 681 2383 patria
703 2300 769 2368 alta
788 2299 921 2386 videret,

71 2420 136 2462 non
157 2397 255 2482 dedit,
276 2397 373 2479 inque
394 2400 491 2462 notos
514 2417 624 2462 vocem
646 2400 768 2462 vertere
791 2397 956 2480 procellae.

73 2516 147 2580 ergo
170 2498 208 2558 ut
230 2493 329 2558 missa
351 2515 449 2559 manu
467 2493 610 2558 sonitum
634 2493 720 2558 dedit
742 2493 837 2558 hasta
859 2514 915 2578 per
939 2515 1042 2579 auras,

72 2595 253 2657 convertere
276 2591 400 2658 animos
424 2591 506 2655 aeris
530 2591 702 2674 oculosque
725 2589 827 2654 tulere
1027 2609 1081 2659 800
1171 2601 1173 2608 ’

72 2689 177 2754 euncti
200 2687 240 2752 ad
262 2688 406 2772 reginam
428 2686 548 2753 Volsci.
594 2687 677 2750 nihil
699 2687 770 2770 ipsa
791 2709 849 2752 neo
872 2709 967 2752 aurae

72 2807 128 2852 neo
149 2785 277 2851 sonitus
300 2806 422 2850 memor
445 2789 501 2850 aut
524 2783 681 2849 venientis
705 2785 745 2848 ab
769 2783 896 2849 aethere
922 2783 989 2869 teli,

72 2883 163 2948 hasta
187 2881 248 2946 sub
272 2884 413 2946 exertam
437 2882 536 2946 donee
558 2881 681 2964 perlata
703 2881 859 2965 papillam

71 2978 174 3044 haesit
196 2977 439 3062 virgineumque
462 2978 526 3042 alte
548 2977 633 3042 bibit
656 2980 727 3042 aota
749 2985 900 3044 cruorem.

71 3078 264 3140 oonourrunt
286 3074 429 3158 trepidae
452 3074 584 3140 oomites
608 3072 831 3156 dominamque
854 3077 1002 3138 ruentem
1028 3091 1080 3142 800

72 3171 258 3257 succipiunt.
304 3171 390 3256 fugit
413 3176 487 3236 ante
511 3170 615 3236 omnis
638 3169 810 3234 exterritus
833 3167 959 3234 Arruns

70 3269 192 3334 laetitia
215 3269 382 3351 mixtoque
404 3272 502 3354 metu,
523 3289 582 3332 neo
604 3267 669 3332 iam
692 3266 829 3350 amplius
852 3266 964 3332 hastae

71 3367 194 3432 eredere
217 3387 276 3428 neo
298 3366 372 3430 telis
397 3386 560 3430 occurrere
583 3363 718 3448 virginis
742 3363 845 3428 audet.

72 3487 105 3529 ao
126 3466 216 3530 velut
238 3462 303 3547 ille,
324 3461 414 3546 prius
439 3483 536 3545 quam
558 3462 623 3526 tela
645 3460 774 3524 inimica
797 3465 981 3546 sequantur,
1066 3519 1068 3522 .

71 3563 222 3626 continuo
246 3560 281 3624 in
303 3559 423 3624 montis
447 3580 515 3623 sese
539 3557 628 3624 avius
653 3557 775 3622 abdidit
798 3557 880 3622 altos
1026 3573 1079 3623 810

1135 1990 1141 2047 i
