2552 3958
261 253 292 308 P.
307 254 454 309 VERGILI
472 255 636 310 MARONIS
655 256 851 312 NARRATIO.
950 257 1065 312 XXXIX

52 413 188 478 amicum
222 419 254 478 et
286 416 371 480 inter
404 417 607 480 doctissimos
645 419 821 482 carminum
856 441 987 482 suorum
1018 419 1062 482 iu·

52 511 133 574 dices
159 514 306 596 suspexit
318 511 351 600 ¹).
401 513 482 578 'nter
511 515 593 580 cives
620 536 696 580 vero
725 519 816 579 tenta
843 516 935 580 rivus
962 516 1064 601 gloria

53 613 82 670 et
117 611 325 674 veneratione
362 612 468 674 cultus
506 616 571 697 est,
611 616 649 675 ut
691 613 738 677 ‘si
775 614 900 697 quando
934 613 1065 696 Romae,

54 727 113 787 quo
142 706 307 770 rarissime
334 708 546 794 commeabat,
577 709 734 772 viseretur
761 709 796 774 in
825 709 970 796 publice,
1002 731 1064 773 sec·

53 806 156 866 tentes
190 803 511 888 demonstrantesque
549 827 583 869 se
618 806 854 891 subterfugeret
886 807 921 871 in
957 806 1064 889 proxi-

51 922 138 962 mum
162 904 286 964 tectum
297 899 343 986 2).’

138 997 189 1062 Ao
217 999 395 1082 principem
423 999 506 1062 inter
535 1000 682 1082 aequales
709 1004 820 1083 poetas
850 1005 881 1064 et
908 1001 1006 1064 fuisse
1032 1005 1063 1063 et

51 1094 199 1158 habitum
235 1115 304 1159 esse
334 1096 387 1159 vel
418 1095 672 1159 obtrectatorum
703 1097 877 1160 multitudo
911 1102 943 1162 et
975 1096 1064 1160 mali-

52 1192 159 1276 gnitas
192 1193 404 1257 demonstrat:
436 1193 521 1256 inter
552 1215 633 1276 quos
661 1193 925 1278 Vergiliomastix
953 1195 1063 1258 Numi·

52 1291 147 1353 torius
171 1290 280 1354 omnia
299 1289 441 1354 Maronis
463 1289 603 1352 earmina
621 1291 748 1354 videtur
767 1290 933 1354 cavillatus
952 1289 1062 1378 66663),

51 1387 132 1450 alius
156 1387 313 1450 bucolicis
334 1387 538 1452 autebucota'cu
561 1388 722 1471 opposuit,
744 1409 802 1452 nee
821 1388 994 1452 defuerunt
1008 1389 1063 1471 qui

50 1485 202 1570 georgica
225 1485 346 1548 insulse
368 1485 539 1548 irriderent
563 1489 594 1548 et
617 1488 790 1567 carperent.
828 1485 965 1550 maxime
987 1507 1062 1549 vero

50 1584 194 1648 Aeneida
220 1582 273 1646 vel
301 1586 473 1665 antequam
501 1581 586 1646 edita
614 1585 683 1644 erat
711 1581 802 1665 quasi
830 1603 976 1666 campum
1004 1582 1063 1646 ele·

50 1683 168 1764 gerunt
201 1679 237 1742 in
269 1701 333 1762 quo
366 1684 490 1762 strages
522 1677 618 1742 invisi
654 1682 767 1761 poetae
799 1678 935 1743 ederent.
989 1679 1062 1743 vivo

50 1777 148 1840 etiam
176 1776 380 1860 singulorum
407 1776 563 1840 librorum
590 1775 778 1839 recitatione
806 1777 937 1840 excitati
965 1777 1063 1859 inpri-

51 2002 123 2039 anno
144 1990 197 2038 736
220 1983 278 2037 tria
300 2000 385 2054 opera
405 1983 521 2038 Ovidius
545 1983 575 2038 in
598 2000 724 2037 amorum
742 1983 755 2036 Ι
775 1989 816 2050 16,
835 1989 868 2036 66
891 1985 1016 2053 ‘Tityros
1038 1991 1063 2038 et

50 2060 142 2126 fruges
160 2057 318 2126 Aeneiaque
336 2072 415 2109 arma
439 2056 571 2126 tepenter,
594 2055 684 2109 Rome
706 2056 870 2124 triumphati
891 2057 956 2109 dum
980 2062 1063 2122 ceput

52 2130 122 2182 orbis
141 2127 221 2193 erit;’
244 2125 278 2178 de
297 2125 421 2179 Aeneide
444 2142 509 2180 vero
533 2125 594 2179 sola
616 2142 641 2179 a.
657 2130 707 2178 761
728 2124 841 2195 scripsit
858 2125 888 2178 in
907 2127 967 2178 arte
986 2141 1062 2177 ama-

51 2198 124 2252 toria
142 2197 183 2250 111
197 2201 249 2250 337
261 2213 301 2264 sq.
330 2197 365 2250 ‘et
379 2198 528 2266 prosapiem
547 2197 669 2262 Aeaeae,
687 2197 759 2250 altae
779 2197 933 2264 primordia
951 2196 1063 2262 Rornae,

54 2269 111 2338 Quo
129 2269 240 2322 uallum
258 2267 342 2321 Latio
361 2268 463 2322 clarius
481 2274 556 2322 extat
574 2267 664 2336 012ch
686 2270 715 2319 et
737 2266 822 2337 paulo
845 2270 910 2335 post
928 2266 958 2319 in
976 2283 1062 2320 reme-

52 2339 105 2392 diis
124 2337 230 2392 amoris
249 2355 275 2392 v.
291 2343 342 2390 396
357 2354 396 2406 sq.
436 2339 560 2392 ‘tautam
581 2355 608 2392 se
630 2338 708 2392 uobis
730 2339 797 2408 elepa'
819 2339 909 2392 debere
931 2339 1063 2404 fateatur,

55 2410 195 2479 Quantum
218 2409 338 2478 Verpatio
355 2409 444 2462 aetite
463 2411 538 2464 debet
555 2410 636 2476 epos.⁷

124 2481 144 2549 ι)
165 2479 296 2533 ‘Plotius
318 2485 344 2533 et
372 2479 486 2545 Varius,
510 2479 654 2533 Maecenas
677 2479 875 2548 Vergiliusque,
904 2478 1017 2547 Valgius
1039 2485 1065 2532 et

49 2553 144 2620 probet
164 2552 232 2605 haec
257 2550 385 2604 Octauius
408 2551 526 2618 optimae
548 2557 627 2620 atque
651 2549 773 2603 Fuscus'
796 2565 818 2603 e.
838 2566 864 2617 q.
884 2567 905 2603 s.
930 2547 1063 2604 Horatius

53 2625 102 2676 sat.
121 2622 136 2674 Ι
155 2626 198 2686 10,
214 2625 256 2686 89,
276 2635 349 2688 quae
368 2619 442 2674 inter
460 2637 548 2673 annos
569 2626 619 2674 716
639 2623 668 2674 et
687 2625 737 2672 725
758 2619 862 2690 scripta
881 2621 932 2673 eat.

123 2692 145 2761 ²)
164 2690 270 2744 Donati
288 2709 315 2760 p.
331 2695 373 2758 67,
389 2696 404 2744 9
423 2691 455 2744 R.
477 2692 549 2746 sunt.
587 2707 659 2759 quae
677 2707 712 2743 ne
730 2690 796 2743 fieta
819 2693 868 2743 aut
886 2689 1064 2744 ambitiosius

54 2765 136 2816 aucta
163 2765 248 2831 putes
271 2764 386 2815 cavetur
414 2761 621 2830 quodammodo
643 2760 714 2830 Apri
738 2760 768 2813 in
794 2760 907 2830 dialogo
931 2760 966 2814 de
989 2778 1027 2815 or.
1049 2767 1063 2814 7

53 2833 157 2900 verbis,
186 2831 236 2901 qui
259 2831 388 2900 quamvis
411 2835 557 2900 poetarum
580 2831 758 2888 adversarius
782 2833 811 2884 et
831 2831 970 2885 oratoriae
995 2832 1064 2886 artis

55 2905 132 2958 unice
151 2903 292 2968 laudator,
313 2905 410 2956 tamen
428 2902 530 2970 quibus
550 2902 661 2956 omnino
681 2901 833 2955 honoribus
852 2905 913 2955 tum
930 2903 1064 2972 temporis

55 2975 127 3028 clara
140 2973 258 3044 ingenia
275 2973 306 3027 in
319 2973 388 3027 urbe
403 2973 547 3026 celebrata
560 2973 665 3027 fuerint
682 2973 800 3026 idoneus
814 2973 896 3028 testis
912 2976 960 3027 est.
996 2974 1065 3027 dicit

55 3046 137 3099 enim:
158 3047 237 3114 ‘quos
257 3045 382 3113 saepiaa'
404 3043 583 3114 (oratoribus)
604 3045 717 3115 ‘culpas
739 3061 841 3114 quoque
863 3046 1019 3112 imperitum
1040 3051 1065 3100 et

55 3119 191 3172 inamatus
212 3117 257 3170 bie
276 3116 398 3184 popalus
421 3121 591 3170 transeuntes
612 3115 721 3168 uocatae
739 3121 816 3169 cocat
838 3121 864 3169 et
881 3113 1064 3169 deoaoastrat?

56 3189 170 3242 udaeaoe
194 3203 298 3257 qaoque
320 3192 345 3240 et
364 3187 505 3256 perepriai
522 3187 579 3240 ium
601 3187 633 3240 ia
655 3186 815 3254 mauricipa'is
833 3193 858 3240 et
876 3187 990 3240 eoloratis
1007 3187 1065 3239 suis

57 3260 173 3326 auditos,
206 3274 268 3312 erem
295 3257 419 3326 primum
451 3259 544 3311 urbem
571 3259 734 3327 attigerant,
764 3259 908 3326 requirunt
935 3273 967 3310 uc
993 3257 1066 3310 celat

56 3346 193 3398 upaoseere
220 3327 435 3396 concupiscant!
482 3326 583 3396 quibus
611 3326 642 3380 iu
669 3327 781 3380 theatro
810 3326 1064 3396 significationibus

56 3401 168 3470 populus
188 3401 302 3469 poetam
322 3397 495 3466 salutaverit,
516 3413 600 3466 supra
618 3397 804 3451 narravimuu

122 3469 204 3542 ⁵)De
222 3468 381 3523 Numitorio
406 3467 561 3536 ceterisque
585 3467 821 3521 obtrectatoribus
845 3467 926 3536 plura
947 3467 1011 3520 vide
1036 3465 1064 3518 in

56 3541 174 3612 prolegg.
193 3559 221 3610 p.
237 3545 270 3594 96
281 3557 341 3608 sqq.
371 3538 405 3594 cf.
424 3539 537 3609 Hageni
555 3537 573 3592 l.
589 3537 599 3590 l
617 3558 645 3608 p,
661 3543 715 3592 686
727 3556 766 3606 sq.
