2576 3970
209 253 273 318 196
545 251 693 306 VERGlLl
710 251 843 306 AENEIS
857 252 881 305 V

126 435 128 440 “
208 416 296 480 mille
318 415 394 480 iacit
416 415 523 478 varios
547 413 690 478 adverso·
704 414 771 477 sole
793 413 924 477 colores

209 512 368 596 obstipuit
391 513 464 576 visu
486 511 619 575 Aeneas.
664 510 720 574 ille
743 510 870 594 agmine
892 511 990 595 longo
1179 526 1209 574 so

208 610 338 673 tandem
360 610 444 672 inter
466 612 593 691 pateras
617 611 650 670 et
672 607 755 672 levia
777 607 892 689 pocula
915 629 1045 691 serpens

209 706 386 789 libavitque
409 707 504 788 dapes
527 725 702 788 rursusque
724 704 874 768 innoxius
898 705 962 768 imo

211 804 363 867 successit
385 802 510 866 tumulo
534 805 567 866 et
589 802 720 884 depasta
743 801 857 865 altaria
879 801 984 884 liquit.

209 899 271 964 hoc
292 899 396 984 magis
419 900 563 982 inceptos
587 897 726 982 genitori
749 898 909 962 instaurat
930 898 1079 983 honores,

210 995 361 1082 incertus,
382 996 553 1081 geniumne
574 995 638 1059 loci
660 994 857 1059 famulumne
880 995 1023 1077 parentis
1182 1013 1212 1060 aa

212 1114 280 1155 esse
303 1096 408 1176 putet:
431 1091 534 1155 caedit
557 1091 650 1154 binas
674 1091 713 1155 de
735 1113 824 1156 more
846 1092 985 1157 bidentis

211 1193 325 1273 totque
348 1203 431 1275 sues,
453 1189 589 1253 totidem
610 1189 771 1272 nigrantis
794 1191 886 1273 terga
908 1189 1068 1274 iuvencos,

213 1287 349 1370 vinaque
371 1286 525 1370 fundebat
547 1285 668 1369 pateris
692 1285 894 1370 animamque
917 1287 1052 1350 vocabat

213 1383 372 1447 Anchisae
393 1383 504 1468 magni
525 1383 692 1467 manisque
714 1382 897 1447 Acheronte
920 1385 1079 1448 remissos.

212 1503 359 1546 necnon
381 1485 412 1544 et
436 1480 524 1566 socii,
547 1501 628 1564 quae
651 1480 765 1562 cuique
788 1485 837 1566 est
861 1482 961 1567 copia,
983 1481 1061 1546 laeti
1167 1499 1215 1548 100

214 1579 296 1642 dona
318 1578 435 1661 ferunt,
458 1581 591 1641 onerant
614 1599 685 1640 aras
708 1581 912 1662 mactantque
934 1579 1095 1665 iuvencoS,

215 1675 324 1738 ordine
348 1680 426 1740 a'e'na
447 1675 555 1738 locant
578 1674 634 1736 alii
656 1674 784 1757 fusique
806 1697 863 1758 per
885 1675 1019 1739 herbam

215 1773 377 1836 subiciunt
398 1771 528 1836 veribus
550 1793 670 1854 prunas
694 1775 726 1834 et
748 1773 869 1836 viscera
892 1777 1024 1837 torrent.

259 1869 436 1952 Expectata
459 1869 524 1932 dies
549 1869 658 1932 aderat
681 1890 862 1953 nonamque
885 1891 995 1934 serena

214 1967 374 2031 Auroram
396 1964 607 2030 Phaethontis
632 1965 705 2049 equi
728 1966 792 2030 iam
814 1966 884 2030 luce
906 1967 1075 2053 vehebant,
1174 1988 1218 2035 105

215 2066 362 2148 famaque
384 2063 539 2126 finitimos
563 2067 595 2126 et
618 2063 696 2126 clari
717 2084 835 2127 nomen
856 2063 990 2128 Acestae

215 2163 365 2226 excierat:
388 2161 473 2224 laeto
497 2159 694 2242 complerant
717 2160 815 2225 litora
837 2166 929 2225 coetu
989 2210 991 2215 .

215 2259 316 2325 visuri
339 2257 513 2342 Aeneadae,
535 2278 609 2338 pars
634 2259 665 2319 et
688 2261 809 2321 certare
831 2259 944 2340 parati.

214 2377 347 2420 munera
369 2353 526 2436 principio
550 2356 624 2416 ante
648 2354 757 2418 oculos
781 2354 927 2438 circoque
950 2355 1099 2421 locantur

214 2455 251 2518 in
272 2452 385 2535 medi0,
408 2451 490 2514 sacri
512 2450 655 2533 tripodes
678 2450 858 2534 viridesque
881 2474 1017 2516 coronae
1176 2475 1221 2521 110
1279 2441 1280 2510 l

215 2556 248 2614 et
270 2550 394 2633 palmae
416 2547 557 2630 pretium
579 2547 766 2633 victoribus,
789 2571 939 2632 armaque
963 2554 995 2613 et
1019 2556 1110 2615 ostro

215 2648 362 2731 perfusae
384 2648 499 2729 vesteS,
522 2643 648 2728 argenti
671 2643 803 2726 aurique
826 2647 959 2730 talenta3

216 2750 248 2809 et
271 2744 350 2807 tuba
373 2743 559 2806 commissos
582 2741 685 2804 medio
709 2743 795 2805 canit
818 2765 933 2828 aggere
955 2744 1057 2809 ludos.

259 2841 367 2904 Prima
389 2861 482 2922 pares
505 2838 617 2901 ineunt
641 2839 792 2922 gravibus
817 2840 989 2903 certamina
1011 2843 1110 2907 remis

217 2942 371 3022 quattuor
394 2959 432 2999 ex
457 2936 543 2999 omni
567 2935 706 2998 delectae
729 2936 829 3000 classe
852 2937 983 3001 carinae.
1179 2960 1223 3006 115

216 3036 356 3098 velocem
378 3032 565 3096 Mnestheus
590 3033 658 3116 agit
682 3032 747 3095 acri
769 3033 888 3118 remige
911 3033 1053 3119 Pristim,

217 3132 307 3219 (mox
328 3129 430 3193 Italus
454 3128 650 3213 Mnestheus,
674 3149 774 3213 genus
798 3152 817 3192 a
841 3151 904 3212 quo
926 3130 1056 3194 nomine
1080 3131 1224 3220 Memmi)

216 3230 443 3312 ingentemque
468 3225 554 3308 Gyas
577 3226 702 3310 ingenti
725 3226 809 3289 mole
833 3225 1041 3312 Chimaeram,

216 3325 308 3388 urbis
333 3344 423 3406 opus,
446 3323 567 3404 triplici
589 3321 691 3405 pubes
716 3345 812 3406 quam
834 3322 982 3386 Dardana
1004 3346 1102 3389 versu

216 3420 399 3504 impellunt,
423 3419 527 3501 [terno
552 3424 750 3504 consurgunt
774 3419 883 3483 ordine
906 3419 1007 3506 remi]
1183 3441 1227 3490 120

217 3520 461 3602 Sergestusque,
484 3515 595 3579 domus
619 3520 708 3580 tenet
731 3539 750 3580 a
773 3538 836 3600 quo
861 3515 972 3602 Sergia
994 3539 1125 3605 nomen,
