2514 3966
140 3620 144 3662 l

214 281 280 347 310
535 281 685 337 venem
702 281 834 336 AENEIS
852 283 891 336 IX

214 445 333 510 diversi
355 445 623 529 circumspiciunt.
668 443 730 508 hoo
753 444 856 508 acrior
878 443 962 508 idem

215 564 284 606 ecce
307 541 394 606 aliud
418 563 541 605 summa
564 541 665 612 telum
686 540 828 606 librabat
851 541 891 605 ab
915 563 999 605 eure.

214 641 287 704 dum
312 639 484 724 trepidant,
505 639 533 703 it
554 639 649 704 hasta
671 637 760 722 Tago
782 659 840 720 per
863 641 990 721 tempus
1014 642 1182 721 utrumque

215 736 353 800 stridens
376 736 575 820 traiectoque
597 734 702 799 haesit
723 735 883 819 tepefacta
905 734 1044 799 cerebro.

215 833 317 897 saevit
339 836 432 896 atrox
455 831 593 896 Volcens
616 853 674 896 neo
696 831 755 896 teli
777 831 933 916 conspicit
955 854 1095 916 usquam
1168 848 1211 896 400

214 933 377 994 auctorem
399 951 458 994 neo
481 951 545 1012 quo
569 951 602 993 se
626 929 737 992 ardens
760 929 933 992 immittere
951 929 1065 1012 possit.

215 1026 263 1090 ‘tu
286 1030 394 1090 tamen
416 1027 538 1091 interea
560 1025 662 1090 calido
685 1025 765 1089 mihi
789 1027 944 1111 sanguine
965 1048 1087 1110 poenas

213 1125 375 1207 persolves
400 1123 579 1188 amborum’
603 1123 724 1207 inquit3
750 1123 846 1186 simul
868 1144 943 1187 ense
966 1123 1092 1188 recluso

213 1215 283 1284 ibat
306 1221 341 1284 in
363 1219 549 1303 Euryalum.
595 1223 666 1283 tum
688 1242 763 1284 vero
787 1221 970 1308 exterritus,
993 1242 1102 1284 amens

214 1318 392 1382 conclamat
413 1315 525 1403 Nisus,
547 1338 605 1382 nec
628 1338 662 1398 se
684 1317 785 1381 celare
807 1317 949 1382 tenebris
1167 1333 1209 1380 400

214 1415 352 1498 amplius
376 1419 431 1479 aut
454 1418 580 1478 tantum
603 1413 711 1498 potuit
734 1414 873 1496 perferre
895 1415 1047 1480 dolorem.

215 1513 278 1576 ‘me
299 1533 351 1576 me
374 1510 501 1598 (adsum
524 1511 579 1595 qui
602 1508 688 1598 feci),
711 1511 746 1574 in
767 1533 818 1576 me
841 1513 1019 1578 convertite
1042 1513 1167 1596 ferrum,

215 1632 234 1673 o
258 1607 383 1673 Rutuli!
407 1631 477 1673 mea
499 1609 587 1673 fraus
612 1609 732 1692 omnis;
754 1608 837 1672 nihil
859 1609 922 1673 iste
943 1631 1002 1673 nec
1026 1631 1122 1673 ausus

214 1727 272 1770 nec
294 1707 401 1789 potuit
425 1704 562 1792 (caelum
584 1705 646 1770 hoc
669 1709 701 1771 et
725 1706 851 1770 conscia
874 1706 977 1770 sidera
999 1705 1127 1794 testor),

214 1806 339 1866 tantum
364 1803 523 1867 infelicem
544 1802 680 1866 nimium
702 1803 815 1866 dilexit
838 1803 995 1889 amicum‚'
1166 1821 1209 1869 430

214 1900 293 1962 talia
316 1899 400 1964 dicta
423 1899 533 1984 dabat3
557 1900 612 1964 sed
634 1900 758 1965 viribus
781 1900 867 1964 ensis
891 1900 1022 1964 adactus

214 1996 386 2061 transabiit
409 2001 514 2061 costas
538 2001 570 2061 et
593 1996 725 2061 candida
747 2001 877 2081 pectora
899 1998 1029 2080 rumpit.

214 2093 355 2158 volvitur
378 2093 540 2176 Euryalus
562 2093 639 2179 leto,
661 2094 876 2179 pulchrosque
897 2117 954 2177 per
973 2099 1063 2159 artus

213 2190 241 2254 it
263 2212 366 2276 cruor,
387 2191 484 2274 inque
506 2212 633 2254 umeros
657 2192 761 2254 cervix
785 2193 936 2276 conlapsa
957 2193 1127 2258 recumbit:

213 2310 392 2370 purpureus
416 2287 516 2350 veluti
540 2308 612 2350 cum
634 2286 694 2351 fios
719 2287 859 2352 succisus
883 2291 989 2353 aratro
1166 2306 1208 2354 440

212 2384 391 2468 languescit
414 2384 553 2448 moriens
577 2383 702 2448 lassove
724 2406 882 2468 papavera
905 2385 988 2450 collo

213 2481 367 2545 demisere
390 2485 495 2565 caput,
518 2481 628 2564 pluvia
650 2502 722 2544 cum
744 2481 828 2545 forte
850 2487 1035 2567 gravantur.

212 2583 247 2642 at
269 2577 369 2642 Nisus
393 2579 459 2642 ruit
481 2578 515 2642 in
537 2578 658 2642 medios
684 2577 850 2662 solumque
872 2601 928 2663 per
952 2581 1057 2645 omnis

212 2675 400 2740 Volcentem
423 2675 514 2759 petit,
537 2675 572 2738 in
594 2675 663 2738 solo
687 2673 841 2740 Volcente
863 2681 1016 2741 moratur.

211 2795 306 2858 quem
334 2773 452 2837 circum
480 2772 649 2856 glomerati
675 2771 785 2837 hostes
812 2773 888 2837 hinc
919 2775 1096 2840 comminus
1123 2781 1207 2860 atque

847 2870 922 2934 hinc
1165 2889 1207 2938 440

211 2966 412 3051 proturbant.
458 2967 559 3030 instat
581 2987 647 3030 non
671 2967 770 3031 setius
794 2989 830 3031 ac
852 2971 940 3032 rotat
962 2989 1070 3033 ensem

211 3063 409 3150 fulmineum,
432 3063 531 3127 donec
553 3061 669 3126 Rutuli
692 3063 859 3128 clamantis
883 3066 917 3128 in
940 3087 995 3130 ore

211 3159 353 3223 condidit
377 3160 512 3224 advorso
536 3163 568 3224 et
590 3159 730 3224 moriens
754 3161 893 3226 animam
915 3162 1052 3228 abstulit
1074 3163 1168 3230 hosti.

211 3260 281 3320 tum
305 3278 400 3340 super
424 3256 606 3322 exanimum
630 3278 699 3321 sese
720 3258 856 3340 proiecit
879 3260 1016 3324 amicum

210 3353 378 3417 confossus
401 3353 587 3438 placidaque
610 3354 656 3417 ibi
679 3354 806 3419 demum
828 3360 931 3421 morte
955 3356 1085 3441 quierit.
1164 3371 1204 3420 440

255 3448 426 3515 Fortunati
449 3451 556 3517 ambo!
580 3452 686 3535 siquid
708 3475 778 3518 mea
801 3454 940 3518 carmina
962 3459 1109 3542 possunt,

207 3548 301 3614 nulla
324 3547 391 3612 dies
415 3571 568 3633 umquam
590 3550 725 3615 memori
748 3573 806 3616 vos
830 3551 948 3616 eximet
971 3573 1059 3636 aevo,
