2556 3966
403 219 550 275 VERGILI
568 219 699 274 AENEIS
718 221 769 274 XII
1018 219 1082 283 387

73 381 202 445 adiuvat
224 382 351 446 incessu
375 383 474 446 tacito
498 401 689 467 progressus
713 386 745 445 ct
769 405 856 447 aram

74 478 260 562 suppliciter
282 500 437 543 venerans
461 477 598 543 demisso
622 479 742 543 lumine
765 479 891 544 Turnus
1032 495 1084 544 110

73 576 285 659 tabentesque
309 597 408 661 genae
432 579 465 640 et
487 576 627 640 iuvenali
649 577 683 640 in
707 597 838 659 corpore
861 576 974 660 pallor.

74 693 169 756 quem
192 673 290 736 simul
313 695 349 737 ao
371 672 507 738 Iuturna
530 693 622 738 soror
644 673 841 738 crebrescere
863 672 944 736 vidit

75 791 253 834 sermonem
276 774 309 833 et
331 769 421 854 volgi
443 771 567 835 variare
589 771 733 835 labantia
757 771 860 856 corda,

74 868 107 930 in
130 866 251 930 medias
276 865 369 952 acies,
391 869 529 931 formum
552 865 743 932 adsimulato
767 865 908 932 Camerti

76 963 167 1050 (quoi
190 984 291 1048 genus
315 985 334 1027 1
356 965 486 1048 proavis
509 965 623 1048 ingens
648 965 832 1048 clarumque
853 969 1005 1047 paternae
1033 977 1083 1027 115

75 1083 193 1125 nomen
215 1065 283 1124 erat
307 1061 449 1146 virtutis,
472 1065 504 1124 et
527 1061 596 1144 ipse
619 1061 792 1124 acerrimus
817 1059 939 1148 armis),

76 1161 109 1222 in
131 1159 251 1223 medias
275 1158 331 1222 dat
354 1179 422 1223 sese
448 1158 530 1221 acies
555 1157 648 1242 [haut
670 1158 777 1222 nescia
800 1158 920 1243 rerum]

77 1277 283 1338 rumoresque
307 1255 386 1320 serit
408 1255 515 1318 varios
540 1276 575 1318 ac
598 1255 676 1318 talia
698 1255 801 1319 fatur:

78 1355 154 1417 ‘non
172 1353 280 1437 pudet,
304 1374 322 1416 o
346 1350 471 1437 Rutuli,
493 1374 552 1436 pro
576 1352 699 1415 cunctis
722 1353 843 1416 talibus
866 1375 963 1416 unam

79 1451 238 1515 obiectare
260 1449 423 1513 animam?
445 1470 620 1513 numerone
643 1471 684 1512 11
706 1449 829 1513 viribus
853 1449 947 1533 aequi
1034 1465 1090 1512 131

77 1571 141 1612 non
165 1547 298 1611 sumus?
322 1567 363 1609 en
386 1568 495 1610 omnes
519 1550 551 1609 et
574 1545 673 1610 Troes
697 1549 729 1610 ct
747 1545 885 1611 Arcades
908 1546 943 1611 hi
967 1551 1042 1610 sunt

78 1645 254 1727 fatalesque
276 1665 400 1728 manus,
422 1643 547 1706 infensa
569 1643 703 1707 Etruria
726 1641 847 1708 Turno:

79 1743 130 1805 1111
152 1742 289 1825 hostem,
313 1740 429 1804 alterni
453 1741 481 1804 si
504 1740 756 1826 congrediamur,
778 1740 941 1805 habemus.

79 1840 131 1902 illc
155 1837 283 1921 quidem
307 1837 346 1900 sd
370 1859 512 1922 superos,
536 1858 673 1920 quorum
697 1859 730 1900 se
754 1837 887 1901 devovet
911 1838 984 1924 eris,

80 1934 225 1999 succedet
248 1933 331 1997 fama
355 1933 510 2016 vivosque
533 1955 590 2016 per
614 1955 670 1998 ora
688 1935 820 1998 feretur:
1036 1951 1094 2000 135

78 2055 135 2097 nos
160 2030 266 2116 patria
289 2030 407 2094 amissa
431 2031 568 2094 dominis
591 2052 702 2114 parere
728 2029 874 2112 superbis

78 2150 238 2214 cogemur,
261 2127 317 2211 qui
339 2149 424 2191 nunc
446 2129 525 2192 lenti
549 2127 748 2192 consedimus
772 2127 878 2190 arvis?

78 2226 198 2289 talibus
222 2225 352 2288 incensa
375 2228 424 2287 cst
447 2225 598 2288 iuvenum
621 2223 780 2288 sententia
802 2223 895 2287 dictis

77 2325 140 2386 iam
159 2323 264 2406 magis
283 2324 380 2404 atquc
398 2321 512 2406 magis,
531 2322 693 2405 serpitque
712 2344 768 2405 per
787 2323 914 2406 angna
929 2345 1092 2410 murmur32

77 2421 139 2504 ipsi
163 2417 340 2482 Laurentes
364 2419 481 2482 mutati
503 2419 629 2503 ipsique
653 2417 770 2484 Latini.
1035 2439 1091 2487 141

78 2518 132 2601 qui
157 2516 220 2580 sibi
243 2516 308 2579 iam
330 2515 473 2598 requiem
495 2535 621 2600 pugnae
644 2517 803 2601 rebusque
827 2518 963 2582 salutern

77 2613 260 2699 sperabant,
282 2634 367 2675 nunc
391 2634 478 2676 arma
501 2613 615 2676 volunt
637 2614 813 2699 foedusque
835 2619 1005 2699 precantur

76 2697 230 2776 infectum
254 2713 286 2774 et
309 2709 410 2773 Turni
434 2714 554 2774 sortem
575 2711 770 2775 miserantur
792 2713 942 2796 iniquam.

76 2811 125 2873 his
151 2808 238 2872 aliud
260 2805 364 2870 maius
388 2805 524 2870 Iuturna
548 2807 694 2892 adiungIt
716 2812 749 2872 et
771 2809 837 2872 alto

76 2908 130 2970 dat
154 2906 284 2990 signum
307 2904 403 2989 caclo,
426 2926 489 2987 quo
513 2926 579 2967 non
601 2905 800 2987 praesentius
824 2907 926 2970 ullum
1033 2926 1086 2975 145

75 3003 220 3068 turbavit
244 3005 367 3064 mentes
390 3000 490 3064 Italas
513 3005 722 3084 monstroque
744 3002 867 3066 fefellit.
935 3012 938 3018 '

75 3121 214 3185 namque
236 3097 348 3162 volans
372 3098 470 3161 rubra
492 3098 598 3162 fulvos
621 3097 707 3162 Iovis
730 3099 796 3162 ales
819 3099 854 3162 in
877 3100 987 3164 aethra

75 3199 207 3262 litoreas
221 3196 376 3280 ,agitabat
399 3196 467 3259 aris
491 3195 683 3278 turbamque
706 3200 874 3259 sonantem

75 3294 213 3380 agminis
238 3291 359 3378 aligeri,
382 3292 491 3356 subito
516 3313 588 3356 cum
610 3293 721 3375 lapsus
744 3292 783 3356 ad
806 3294 906 3358 undas

75 3414 209 3476 cycnum
233 3389 439 3453 excellentem
462 3389 595 3472 pedibus
619 3390 705 3472 rapit
727 3390 893 3473 improbus
917 3393 1006 3456 uncis
1033 3411 1083 3458 150

74 3510 219 3553 arrexere
243 3486 366 3550 animos
389 3485 475 3571 Itali,
498 3490 691 3569 cunctaeque
715 3487 859 3550 volucres

817 3591 868 3642 25*
