2538 3970
386 253 533 310 VERGILI
550 253 682 309 AENEIS
701 256 739 310 IX
1000 257 1062 323 301

72 414 209 480 continuo
229 437 352 500 puppes
377 416 572 500 abrumpunt
595 417 724 482 vincula
746 419 826 502 ripis

72 510 303 674 delphinumque
325 512 420 578 modo
445 513 596 578 demersis
620 535 759 598 aequora
782 517 898 580 rostris

71 609 129 672 ima
147 613 256 692 petunt
242 609 386 674 thino
407 611 568 696 virgineae
592 607 753 698 (mirabile
775 611 972 702 monstrum)
1015 631 1065 680 120

71 705 192 769 reddunt
178 709 306 771 ttose
271 705 406 771 totidem
429 707 526 771 facies
550 711 714 793 pontoque
735 709 891 774 feruntur.
1014 727 1064 774 ιιι

111 801 193 867 Obst'
170 808 292 886 tipuere
315 803 429 866 animis
452 801 577 889 Rutuli,
600 806 826 869 conterritus
817 827 886 889 rpse

69 901 177 964 turbat’
154 905 195 966 trs
216 899 385 983 Messapus
408 899 508 984 equis,
530 905 660 964 cunctat
626 907 700 965 atur
723 906 756 966 et
780 903 882 968 amnis

69 1019 153 1062 rauca
174 1017 291 1061 sonans
314 1001 506 1080 revocetque
529 997 640 1081 pedem
662 997 833 1063 Tiberinus
857 998 896 1064 ab
921 999 967 1064 alt
953 1003 997 1064 to.
1016 1015 1063 1063 ιιι

70 1099 99 1158 at
116 1117 178 1160 non
199 1094 310 1159 audaci
332 1093 441 1158 Turno
464 1093 579 1158 fiducia
602 1095 705 1160 cessit.

69 1193 145 1258 ultro
166 1193 289 1257 animos
312 1191 401 1255 tollit
425 1191 518 1255 dictis
543 1195 639 1276 atque
661 1191 806 1276 increpat
828 1193 928 1259 ultro:

69 1290 223 1355 ‘Troianos
246 1289 325 1353 haee
346 1293 492 1353 monstra
514 1291 640 1375 petunt,
660 1288 712 1353 his
734 1289 881 1374 Iuppiter
903 1290 972 1375 ipse

68 1387 211 1452 auxilium
234 1386 368 1451 solitum
390 1385 518 1470 eripuit,
539 1406 606 1449 non
628 1387 693 1450 tela
714 1409 818 1471 neque
840 1387 931 1472 ignes

68 1489 226 1568 expectans
249 1481 400 1547 Rutulos.
446 1502 522 1566 ergo
545 1483 648 1548 muria
669 1483 757 1549 invia
780 1483 909 1549 Teucris
1014 1502 1064 1550 130

67 1602 117 1646 nec
138 1603 208 1666 spes
231 1579 299 1644 ulla
320 1580 427 1663 fugae:
450 1601 558 1644 rerum
580 1601 654 1663 pars
678 1581 778 1645 altera
800 1582 948 1667 adempta
970 1585 1027 1648 est.

67 1683 144 1744 terra
165 1682 273 1744 autern
295 1677 331 1742 in
351 1675 473 1741 nostris
496 1677 655 1763 manibus,
677 1681 729 1742 tot
751 1679 842 1743 milio
864 1683 975 1765 gentes

68 1797 147 1840 arma
166 1775 329 1840 feruntt
297 1773 407 1838 It.alue
452 1774 501 1838 nil
522 1795 573 1838 me
596 1775 708 1839 fatalia
730 1779 862 1863 terrent,

68 1873 151 1958 siqua
171 1870 317 1957 Phryges
339 1892 416 1954 prae
439 1892 473 1935 se
495 1870 626 1958 iactant,
648 1893 803 1956 responsa
824 1873 968 1938 deorum:

67 1975 112 2034 sat
99 1970 206 2034 tfatis
228 1967 410 2052 Venerique
432 1967 487 2032 dat
472 1971 589 2054 ttum‚
590 1969 711 2054 etigere
734 1969 820 2051 quod
843 1992 919 2035 aruc
1014 1989 1064 2036 135

65 2068 172 2131 fertilis
195 2065 360 2130 Ausoniae
381 2064 490 2150 Troes,
513 2069 590 2130 sunt
612 2070 645 2130 et
666 2085 738 2130 mea
760 2071 872 2131 eontra
998 2056 1001 2081 ²

65 2166 126 2230 fata
146 2164 236 2250 mihi,
258 2164 343 2227 ferro
367 2163 499 2227 seelerat
485 2166 552 2228 tam
575 2161 740 2228 excindere
762 2167 899 2250 gentem,
997 2206 1000 2235 ‚

66 2264 191 2348 coniuge
213 2261 396 2346 praerepta:
418 2280 477 2325 nce
499 2259 586 2324 solos
609 2259 717 2345 tangit
702 2259 869 2325 tAtridas
992 2248 998 2289 '

64 2359 121 2424 iste
141 2360 233 2425 dolor
255 2357 397 2440 solisque
418 2356 494 2421 lieet
516 2378 628 2440 capere
651 2379 739 2422 arma
762 2357 913 2442 Mycenis.
991 2392 993 2416 ι
1127 2360 1138 2415 l

65 2457 137 2521 “sed
158 2457 292 2542 periisse
315 2453 414 2518 semel
436 2454 515 2518 satis
539 2456 624 2520 est'':
646 2475 777 2538 peccare
799 2455 915 2520 fuisset
990 2462 992 2471 '
1015 2473 1065 2523 140
1114 2492 1117 2505 ·

65 2559 133 2619 ante
155 2555 234 2619 satis
257 2553 386 2636 penitus
408 2551 502 2616 modo
525 2573 592 2616 non
613 2573 715 2636 genus
739 2573 833 2616 omne
855 2568 991 2635 perosos·

64 2653 236 2716 femineum.
283 2648 401 2734 quibus
423 2647 501 2712 haee
522 2649 620 2713 medii
641 2649 757 2714 fiducia
775 2649 852 2713 valli

64 2749 278 2832 fossarumque
299 2767 417 2831 morae,
439 2745 498 2810 leti
520 2746 703 2810 discrimina
725 2768 834 2831 parva,

64 2847 135 2912 dent
157 2847 290 2911 animos.
336 2846 457 2908 utnon
479 2843 628 2907 viderunt
650 2843 778 2908 moenia
800 2843 914 2908 Troiae
997 2856 1000 2937 ξ

63 2940 201 3027 Neptuni
223 2941 379 3008 fabricata
401 2961 498 3005 manu
520 2941 684 3005 considere
706 2941 741 3005 in
763 2941 870 3025 ignis?
1000 2956 1065 3007 *145

63 3061 123 3106 non
144 3040 241 3107 armis
265 3039 346 3104 mihi
367 3036 513 3124 Volcani,
535 3058 601 3102 non
623 3038 711 3101 mille
735 3037 851 3102 carinis
1001 3028 1065 3104 i148

64 3143 107 3203 est
129 3160 210 3223 opus
232 3137 268 3202 in
290 3136 429 3201 Teucros
454 3133 586 3221 (addant
610 3157 643 3198 se
666 3135 815 3218 protinus
840 3156 948 3199 omnes
1003 3106 1008 3205 i

62 3234 187 3302 Etrusci
210 3231 343 3320 socios);
367 3231 515 3297 tenebras
539 3236 572 3297 et
593 3233 709 3296 inertie
732 3232 819 3295 furta
1014 3249 1064 3297 150

64 3331 206 3417 [Palladii
228 3331 328 3396 caesis
352 3352 494 3394 summae
517 3329 704 3395 custodibus
727 3328 823 3414 areis]

64 3537 132 3609 quot
153 3532 237 3610 prius
261 3535 381 3592 aeratae
405 3535 552 3592 steterant
574 3532 612 3591 ad
636 3532 725 3592 litora
747 3551 852 3609 prorae
997 3541 1063 3589 '121
