2612 3964
434 249 584 306 vanem
601 250 735 304 AENEIS
753 250 792 304 111
1054 249 1116 312 151
1246 207 1249 212 Ι

99 413 158 498 da,
182 416 289 498 pater,
314 413 501 498 augurium,
524 417 620 496 atque
644 413 759 476 animis
781 411 923 477 inlabere
945 409 1086 476 nostris?

98 510 159 573 vix
183 532 220 574 ea
242 511 330 574 fatus
354 532 453 574 eram:
477 516 614 574 tremere
638 511 746 575 omnia
768 511 839 575 visa
861 514 1005 596 repente,
1085 525 1119 574 90

97 607 281 690 liminaque
303 607 478 690 laurusque
502 608 567 692 dei,
589 611 744 691 totusque
766 609 888 672 moveri

98 727 197 769 mons
220 705 340 769 circum
363 708 395 768 et
418 705 543 789 mugire
566 704 671 787 adytis
695 705 819 768 cortina
841 705 982 770 reclusis.

100 803 270 868 summissi
292 802 431 886 petimus
455 806 588 887 terram,
612 806 644 866 et
667 823 731 864 vox
754 802 856 864 fertur
880 802 919 866 ad
942 801 1042 865 auris:

101 899 318 964 ‘Dardanidae
341 899 427 984 duri,
451 921 531 983 quae
554 921 612 963 vos
636 922 655 962 a
678 900 779 983 stirpe
801 905 971 983 parentum

100 997 208 1081 prima
230 996 309 1060 tulit
332 996 444 1080 tellus,
467 996 576 1060 eadem
599 1018 656 1060 vos
680 997 778 1060 ubere
801 998 887 1062 laeto
1082 1012 1116 1060 95

101 1095 238 1178 accipiet
260 1094 399 1156 reduces.
446 1093 613 1175 antiquam
636 1094 795 1178 exquirite
817 1098 960 1158 matrem.

99 1193 155 1258 hic
179 1193 292 1256 domus
315 1189 442 1254 Aeneae
466 1191 589 1254 eunctis
613 1190 832 1255 dominabitur
855 1192 921 1256 oris

100 1295 134 1355 et
157 1289 229 1353 'nati
250 1292 402 1352 natorum
425 1290 457 1351 et
481 1287 537 1371 qui
558 1293 730 1352 nascentur
754 1289 794 1352 ab
818 1289 905 1352 illis'

100 1388 181 1451 haec
202 1385 366 1468 Phoebus,
390 1384 557 1468 mixtoque
580 1385 694 1468 ingens
719 1390 830 1450 exorta
852 1386 994 1450 tumultu

100 1484 241 1568 laetitia,
265 1486 297 1546 et
320 1482 428 1545 cuncti
451 1503 532 1564 quae
555 1481 621 1545 sint
645 1503 681 1545 ea
703 1483 829 1547 moenia
853 1486 1024 1566 quaerunt,
1065 1498 1115 1546 100

101 1603 169 1666 quo
191 1579 341 1644 Phoebus
365 1583 458 1642 vocet
481 1578 618 1642 errantis
641 1579 813 1664 iubeatque
835 1581 963 1644 reverti.

100 1685 175 1743 tum
197 1677 339 1762 genitor,
361 1679 506 1739 veterum
528 1677 660 1741 volvens
683 1677 881 1740 monimenta
903 1678 1059 1762 virorum,

100 1775 236 1859 ‘audita
260 1795 279 1838 o
302 1772 469 1857 procereS,'
493 1773 539 1836 ait
563 1773 607 1837 ‘et
631 1795 703 1856 spes
726 1774 839 1838 discite
862 1779 995 1838 vestras.

100 1873 200 1939 Creta
221 1869 309 1934 Iovis
332 1869 441 1952 magni
463 1870 568 1933 medio
591 1871 675 1934 iacet
696 1871 802 1934 insula
825 1876 940 1957 ponto,

14 1981 15 1994 ¹
99 1990 194 2035 mons
217 1966 331 2031 Idaeus
354 1967 412 2030 ubi
435 1970 467 2030 et
491 1967 596 2050 gentis
619 1968 778 2032 cunabula
801 1973 939 2035 nostrae.
1063 1988 1113 2036 105

100 2070 231 2132 centum
253 2064 349 2128 urbes
372 2063 522 2127 habitant
544 2085 692 2151 magnas,
714 2065 876 2129 uberrima
898 2088 1010 2152 regna3

99 2163 260 2230 maximus
283 2161 367 2224 unde
390 2165 495 2245 pater,
518 2161 546 2224 si
569 2161 632 2224 rite
656 2163 765 2227 audita
788 2164 950 2249 recordor,

99 2263 242 2326 Teucrus
264 2257 427 2322 Rhoeteas
450 2257 591 2340 primum
613 2262 663 2322 est
686 2260 836 2324 advectus
859 2261 895 2324 in
917 2283 990 2326 oras

99 2357 290 2442 optavitque
312 2356 420 2418 locum
442 2375 550 2440 regno
596 2356 739 2420 nondum
761 2355 859 2420 Ilium
882 2360 913 2419 et
937 2379 1023 2421 arces

98 2455 291 2538 Pergameae
314 2454 485 2534 steterant3
509 2451 703 2516 habitabant
725 2452 864 2517 vallibus
888 2453 970 2516 imis.
1062 2471 1112 2520 110

97 2554 174 2616 hinc
196 2554 301 2614 mater
323 2549 441 2613 cultrix
465 2546 579 2630 Cybeli
602 2546 863 2632 Corybantiaque
887 2571 960 2614 aera

98 2650 295 2730 Idaeumque
317 2667 445 2730 nemus,
466 2645 543 2710 hinc
564 2645 628 2710 fida
651 2647 780 2710 silentia
804 2647 915 2731 sacriS,

98 2753 130 2812 et
151 2745 257 2810 iuncti
280 2766 409 2808 currum
433 2744 578 2808 dominae
602 2744 727 2808 subiere
749 2744 867 2808 leones

98 2864 174 2928 ergo
199 2842 300 2926 agite,
323 2844 356 2904 et
379 2841 487 2904 divom
510 2841 630 2904 ducunt
654 2863 717 2924 qua
739 2841 827 2904 iussa
851 2863 1035 2928 sequamur,

97 2941 260 3024 placemus
283 2942 398 3002 ventos
425 2941 457 3001 et
481 2936 599 3002 Cnosia
621 2959 721 3022 regna
743 2942 898 3020 petamus.
1062 2958 1111 3006 115

97 3059 154 3102 nec
175 3038 276 3120 longo
301 3035 423 3098 distant
447 3057 555 3098 cursu:
578 3036 674 3098 modo
697 3034 844 3117 Iuppiter
868 3035 966 3121 adsit,

97 3135 195 3199 tertia
217 3135 275 3196 lux
299 3133 434 3196 classem
457 3129 599 3196 Cretaeis
623 3132 717 3196 sistet
739 3132 775 3194 in
798 3132 884 3195 oris’

97 3233 142 3295 sic
164 3231 254 3294 fatus
278 3229 411 3292 meritos
435 3229 499 3292 aris
522 3229 675 3292 mactavit
698 3229 851 3312 honores,

96 3333 226 3392 taurum
248 3325 417 3410 Neptuno,
440 3329 570 3390 taurum
591 3327 668 3409 tibi,
691 3326 824 3408 pulcher
847 3325 980 3412 Apollo,

95 3427 222 3510 nigram
245 3423 355 3488 Hiemi
377 3424 543 3511 pecudem,
566 3423 722 3507 Zephyris
745 3424 893 3488 felicibus
918 3425 1031 3488 albam.
1061 3443 1110 3491 120

138 3521 237 3586 Fama
260 3521 350 3586 volat
372 3521 503 3604 pulsum
525 3521 634 3604 regnis
658 3521 792 3584 cessisse
814 3522 957 3604 paternis
