2538 3970
201 241 267 304 256
530 238 677 292 VERGILI
695 238 826 292 AENEIS
840 237 891 292 vn

200 403 343 468 intentos
365 401 497 467 volvens
522 402 640 467 oculos.
685 422 746 465 nec
769 423 912 485 purpura
934 421 1043 485 regem

200 501 287 583 picta
308 503 416 564 movet
438 521 496 563 nec
519 503 645 583 sceptra
666 502 798 562 movent
821 497 980 562 Priameia
1003 501 1140 584 tantum,

201 601 358 682 quantum
379 597 413 660 in
437 596 575 661 conubio
598 599 694 659 natae
717 594 924 680 thalamoque
945 599 1105 679 moratur3

202 698 234 758 et
256 694 373 758 veteris
397 693 500 757 Fauni
522 693 625 758 volvit
649 692 709 757 sub
733 695 861 776 pectore
885 694 1019 775 sortem,

200 791 286 855 hunc
308 791 402 854 illum
423 790 500 854 fatis
524 794 656 854 externa
680 789 720 853 ab
744 789 817 853 sede
839 789 1021 872 profectum
1156 807 1200 854 255
1250 824 1251 868 r

201 888 350 973 portendi
373 909 526 973 generum
549 887 745 971 paribusque
768 886 802 949 in
825 907 924 971 regna
943 887 1052 952 vocari
1250 887 1251 930 t

202 985 364 1072 auspiciis,
384 985 460 1049 huic
482 985 670 1070 progeniem
692 984 814 1048 virtute
836 983 981 1048 futuram

202 1082 363 1167 egregiam
386 1086 419 1146 et
442 1086 548 1146 totum
573 1104 653 1166 quae
676 1081 800 1145 viribus
824 1084 957 1165 occupet
980 1081 1098 1146 orbem.

202 1180 332 1242 tandem
353 1178 457 1242 laetus
481 1178 541 1242 ait:
566 1177 610 1241 ‘di
632 1183 744 1242 nostra
766 1177 894 1262 incepta
917 1177 1091 1243 secundent

203 1276 436 1361 auguriumque
460 1278 567 1339 suurn!
591 1275 730 1360 dabitur,
752 1275 902 1361 Troiana,
926 1275 1011 1360 quod
1035 1279 1141 1360 optas;
1156 1293 1197 1340 ‘reo

202 1395 334 1438 munera
356 1395 415 1436 nec
438 1395 562 1456 apeme.
607 1395 674 1436 non
696 1373 789 1438 vobis
813 1394 888 1459 rege
910 1372 1028 1437 Latino

203 1471 313 1536 divitis
335 1471 416 1534 uber
439 1471 509 1555 agri
532 1470 686 1534 Troiaeve
710 1469 874 1553 opulentia
897 1470 987 1534 derit.

203 1569 273 1653 ipse
294 1567 389 1632 modo
412 1565 547 1652 Aeneas,
569 1567 675 1630 nostri
698 1567 726 1630 si
749 1570 841 1630 tanta
863 1567 1021 1653 cupidost‚

204 1665 233 1728 si
254 1664 346 1749 iungi
368 1663 512 1747 hospitio
535 1667 687 1746 properat
711 1663 881 1748 sociusque
903 1665 1021 1751 vocari,

204 1762 352 1826 adveniat
375 1762 482 1825 voltus
505 1783 585 1825 neve
608 1760 811 1832 exhorrescat
835 1762 965 1826 amicos:
1154 1776 1196 1825 ses

204 1881 279 1942 pars
302 1857 383 1922 mihi
405 1859 494 1941 pacis
518 1857 580 1920 erit
603 1857 748 1920 dextram
771 1858 917 1943 tetigisse
940 1858 1078 1942 tyranni.

206 1978 262 2022 vos
285 1959 396 2020 contra
419 1955 488 2040 regi
511 1977 582 2018 mea
603 1977 689 2019 nunc
711 1954 861 2018 mandata
883 1955 1007 2018 referte.

205 2057 254 2118 est
276 2053 356 2117 mihi
378 2057 465 2137 nata,
488 2052 558 2116 viro
582 2052 688 2136 gentis
712 2073 809 2135 quam
831 2053 963 2136 iungere
984 2055 1115 2116 nostrae

203 2174 271 2217 non
293 2151 399 2234 patrio
423 2173 461 2215 ex
486 2151 583 2234 adyto
607 2153 721 2234 sortes,
743 2171 809 2213 non
831 2149 969 2233 plurima
992 2149 1079 2213 caelo

204 2253 350 2313 monstra
373 2249 499 2312 sinunt:
524 2268 659 2332 generos
683 2245 823 2310 externis
847 2245 956 2310 adfore
979 2245 1019 2310 ab
1044 2247 1122 2332 oris,
1155 2259 1197 2308 cro
1253 2251 1254 2272 i

203 2347 266 2410 hoo
288 2345 382 2408 Latio
405 2349 527 2408 restare
551 2347 678 2429 canunt,
703 2343 759 2427 qui
782 2343 937 2427 sanguine
959 2347 1107 2407 nostrum

203 2465 321 2509 nomen
343 2443 379 2505 in
402 2446 488 2505 astra
510 2441 624 2506 ferant.
671 2441 757 2504 hunc
778 2439 868 2503 illum
894 2459 1024 2522 poscere
1046 2439 1112 2504 fata

205 2545 237 2605 et
260 2561 332 2604 reor
355 2543 397 2624 et,
420 2538 526 2622 siquid
549 2539 618 2604 veri
641 2559 731 2602 mens
755 2541 901 2622 augurat,
925 2535 1023 2621 opto'

204 2638 283 2702 haec
305 2636 419 2700 effatus
444 2656 543 2718 equos
566 2657 700 2700 numero
723 2637 815 2717 pater
839 2633 929 2718 eligit
953 2635 1041 2698 omui

205 2731 351 2820 (stabant
374 2737 424 2798 ter
447 2735 575 2806 centurn
597 2732 694 2797 nitidi
718 2732 753 2794 in
774 2731 982 2815 praesepibus
1006 2729 1109 2820 altis):
1155 2745 1195 2794 ‘27⁶

206 2830 355 2894 omnibus
379 2830 539 2913 extemplo
563 2829 694 2894 Teucris
717 2827 808 2891 iubet
832 2828 941 2892 ordine
964 2827 1037 2892 duci

205 2927 360 2991 instratos
385 2930 474 2991 ostro
498 2927 638 3010 alipedes
661 2924 821 3010 pictisque
843 2925 962 3008 tapetis

206 3021 316 3109 (aurea
338 3023 522 3106 pectoribus
546 3023 685 3086 demissa
707 3021 840 3086 monilia
862 3023 1010 3110 pendent,

205 3118 283 3182 tecti
307 3141 384 3182 auro
408 3118 531 3183 fulvom
553 3119 709 3183 mandunt
733 3119 794 3182 sub
818 3119 968 3184 dentibus
992 3118 1127 3209 aurum),

206 3215 332 3280 absenti
354 3216 481 3280 Aeneae
504 3236 633 3279 currum
657 3216 866 3301 geminosque
889 3217 1005 3302 iugalis
1154 3231 1195 3281 aso

206 3312 327 3376 semine
350 3312 391 3375 ab
415 3312 567 3398 aetherio,
591 3313 744 3395 spirantis
768 3314 900 3377 naribus
924 3314 1041 3401 ignem,

205 3410 337 3475 illorum
359 3409 398 3472 de
422 3414 526 3494 gente,
550 3410 636 3493 patri
660 3431 740 3494 quos
765 3409 895 3476 daedala
919 3409 1009 3476 Circe

206 3505 375 3590 supposita
399 3505 436 3568 de
458 3510 560 3570 matre
582 3507 701 3571 nothos
725 3508 831 3572 furata
854 3508 981 3572 creavit.
