2576 3970
434 227 584 284 VERGILI
601 229 733 284 AENElS
753 229 791 284 VI
1043 230 1107 294 243

95 391 258 455 mittimur
281 389 431 472 Elysium
455 395 487 454 et
509 391 604 475 pauci
626 391 711 456 laeta
734 415 810 456 arva
833 397 988 456 tenemus.

95 489 155 551 has
179 486 296 572 omnis,
319 487 375 550 ubi
399 487 486 550 mille
510 491 616 552 rotam
638 490 765 554 volvere
789 511 846 572 per
870 512 979 575 annos,
1056 506 1107 554 748

95 584 274 649 Lethaeum
297 584 337 648 ad
360 583 493 648 fiuvium
517 585 594 648 deus
614 590 724 649 evocat
748 586 873 670 agmine
896 607 1023 674 magno,

96 683 221 748 scilicet
243 683 446 746 immemores
471 704 566 766 super
588 685 625 746 ut
648 704 787 772 convexa
809 683 950 748 revisant
1055 701 1106 750 755

95 799 210 845 rursus
234 781 267 842 55
288 777 447 860 incipiant
469 779 504 841 15
526 800 660 862 corpora
683 779 763 844 velle
786 782 923 844 reverti.³

141 875 278 940 Dixerat
301 873 468 960 Anchises,
490 878 665 960 natumque
688 899 815 961 unaque
839 875 931 960 Sibyl
932 879 996 942 lam

96 977 235 1039 convent
236 994 276 1036 55
299 971 433 1035 trahit'
387 975 459 1036 tm
481 972 640 1036 mediost
626 973 818 1072 turbamque
842 979 1018 1060 sonantem,

97 1075 130 1135 et
152 1069 315 1134 tumulum
338 1069 433 1228 capit,
455 1069 538 1132 unde
562 1069 665 1134 omnis
671 1038 786 1156 longo
811 1072 921 1136 ordine
943 1077 1054 1156 posset

98 1168 249 1232 adversos
273 1167 378 1250 legere
402 1169 433 1228 et
457 1165 585 1229 venient
587 1188 642 1228 um
665 1167 785 1232 discere
807 1168 875 1233 volt
877 1189 922 1231 us.
1055 1187 1105 1233 555

142 1263 251 1328 Nunc
274 1283 342 1348 age,
363 1261 558 1326 Dardaniam
575 1263 699 1345 prolem
721 1285 802 1348 quae
824 1265 936 1328 deinde
954 1269 1106 1349 sequatur

97 1361 212 1448 gloria,
236 1359 292 1444 qui
313 1361 464 1422 maneant
486 1357 569 1422 15515
593 1361 630 1423 de
652 1365 748 1444 gente
769 1366 912 1446 nepotes,

96 1457 246 1524 inlustris
270 1455 392 1520 animas
414 1458 658 1539 nostrumque
648 1479 682 1520 111
704 1480 821 1522 nomen
844 1458 946 1522 ituras

97 1555 266 1641 expediam
289 1535 363 1617 (1155
339 1557 382 1617 515
406 1553 662 1618 55555551555
685 1553 812 1663 docebo.

96 1652 283 1738 1115,ι1(155,
305 1673 386 1735 pura
408 1650 532 1714 iuvenis
557 1651 613 1734 qui
634 1650 875 1736 51515155551155
1054 1667 1105 1716 760

96 1751 247 1836 proxima
271 1751 357 1812 sorte
379 1751 467 1812 tenet
490 1747 571 1810 lucis
593 1747 673 1832 1555,
694 1749 817 1832 primus
842 1703 880 1812 ad
904 1771 996 1812 55555

98 1847 258 1915 aetherias
281 1844 365 1910 Italo
389 1845 580 1910 commixtus
604 1845 759 1930 sanguine
783 1849 903 1930 surget,

98 1946 231 2030 Silvius,
253 1933 415 2006 Albanum
437 1963 563 2027 nomen,
585 1945 642 2005 555
663 1945 813 2025 postuma
831 1943 946 2026 proles,

98 2065 196 2128 quern
218 2039 281 2104 tibi
302 2039 458 2123 longaevo
483 2059 588 2102 serum
611 2036 745 2102 Lavinia
768 2039 906 2103 coniunx

98 2141 211 2206 educet
234 2137 325 2202 silvis
347 2156 456 2220 regern
477 2156 652 2220 regumque
675 2139 849 2220 parentem,
1055 2155 1104 2203 765

97 2237 183 2302 unde
207 2255 307 2320 genus
330 2231 443 2317 Longa
464 2235 612 2296 nostrum
634 2233 852 2297 dominabitur
875 2233 967 2300 Alba.

97 2333 266 2419 proximus
289 2329 343 2393 1115
366 2327 493 2414 Procae,
516 2327 672 2394 Troianae
696 2331 800 2415 gloria
822 2332 938 2416 gentis,

99 2436 131 2498 et
155 2429 263 2514 Capys
287 2430 319 2492 55
304 2382 494 2491 tNumitoi
517 2427 628 2586 etqui
650 2430 682 2490 55
704 2428 834 2492 5551155
856 2429 967 2492 reddet

99 2527 221 2594 Silvius
243 2524 378 2608 Aeneas,
400 2523 520 2606 pariter
543 2523 661 2606 pietate
630 2524 736 2588 tevel
758 2524 855 2588 armis

99 2624 259 2712 egregiae,
282 2621 310 2685 si
332 2642 486 2704 umquam
507 2619 702 2704 regnandam
725 2621 881 2705 acceperit
867 2619 1029 2686 tAlbam.
1042 2641 1092 2688 755

100 2724 156 2808 qui
179 2721 324 2785 iuvenes!
348 2721 484 2802 quantas
508 2721 681 2804 ostentant,
703 2720 818 2804 aspice,
840 2719 937 2783 vires!

99 2824 197 2903 atque
219 2815 368 2880 umbrata
391 2816 507 2897 gerunt
530 2813 616 2877 civili
639 2818 784 2900 tempora
807 2838 933 2900 quercu.
976 2811 1007 2976 d]
1040 2825 1071 2884 ‘L

98 2915 134 2980 hi
156 2914 220 2978 tibi
242 2910 439 2976 Nomentum
462 2914 494 2974 et
518 2907 638 2975 Gabios
661 2913 837 2996 urbemque
856 2912 975 2976 Fidens
1008 2965 1017 2999 ,

98 3014 133 3077 111
157 3011 335 3078 Collatinas
359 3009 525 3092 imponent
547 3009 712 3073 montibus
736 3031 833 3094 55555,

99 3109 262 3175 Pometios
286 3105 497 3188 Castrumque
520 3103 594 3168 Inui
616 3104 793 3190 Bolamque
816 3104 1002 3190 Coramque.
1056 3125 1106 3172 515

99 3207 266 3273 hacetum
282 3203 413 3268 nomina
432 3205 534 3286 erunt,
555 3223 642 3266 nunc
661 3208 736 3267 sunt
755 3203 824 3268 sine
841 3204 971 3268 nomine
994 3208 1106 3268 terrae.

102 3305 179 3390 quin
202 3307 235 3368 et
258 3323 317 3366 5ιο
341 3301 490 3365 comitem
513 3321 582 3364 sese
605 3299 783 3364 blavortius
808 3300 901 3364 addet

100 3400 268 3486 Romulus,
290 3397 441 3463 Assaraci
464 3418 558 3481 quem
582 3398 749 3482 sanguinis
771 3396 833 3460 1115
855 3401 956 3460 mater

102 3500 219 3564 educet.
266 3497 362 3564 viden
384 3499 421 3558 ut
444 3494 588 3580 geminae
612 3497 700 3558 stant
722 3494 840 3558 vertice
859 3494 973 3558 cristae

896 3597 947 3649 15*
