2556 3966
217 233 284 297 384
540 229 688 285 VERGILI
706 228 839 284 Anusls
858 228 910 284 XII

219 394 324 458 velati.
338 393 416 458 limo
440 396 472 456 et
495 392 633 456 verbena
655 394 803 474 tempora
825 390 933 464 vincti.
1186 409 1242 456 rao

219 491 364 574 procedit
386 489 470 574 legio
494 489 705 573 Ausonidum,
727 488 891 572 pilataque
915 487 1019 572 plenis

220 588 348 672 agmina
371 608 404 651 se
427 587 566 652 fundunt
588 585 701 669 portis.
746 585 822 650 hinc
845 585 962 650 Troius
986 585 1092 648 omnis

220 681 468 767 Tyrrhenusque
491 682 557 747 ruit
579 682 677 748 variis
701 683 860 746 exercitus
885 681 991 767 armis,

220 779 300 845 haut
323 801 413 844 secus
437 779 587 844 instructi
610 779 705 863 ferro,
728 801 826 862 quam
850 779 878 844 si
902 801 1014 862 aspera
1037 777 1156 843 Martis

220 897 329 962 pugna
351 880 455 961 vocet,
478 898 624 941 necnon
646 876 759 940 mediis
783 876 818 940 in
841 875 974 940 milibus
997 875 1062 959 ipsi
1188 894 1240 940 125

221 974 368 1061 ductores
392 996 469 1038 auro
493 973 631 1038 volitant
655 976 808 1056 ostroque-
831 973 970 1058 superbi,

222 1075 254 1134 et
277 1091 377 1155 genus
400 1069 550 1134 Assaraci
573 1069 761 1134 Mnestheus
785 1074 817 1135 et
841 1069 936 1136 fortis
962 1069 1071 1135 Asilas

222 1171 254 1231 et
276 1167 443 1251 Messapus
467 1188 583 1250 equom
606 1166 755 1253 domitor,
777 1165 943 1251 Neptunia
965 1168 1080 1252 proles.

221 1269 322 1349 utque
345 1265 419 1328 dato
444 1265 536 1348 signo
560 1263 664 1346 spatia
686 1262 722 1326 in
746 1285 803 1327 sua
828 1263 965 1348 quisque
987 1265 1132 1350 recessit,

222 1362 365 1446 defigunt
387 1361 502 1424 tellure
523 1359 634 1424 hastas
659 1362 691 1422 et
716 1364 807 1424 scuta
829 1361 992 1426 reclinant.
1188 1381 1240 1428 130

221 1462 291 1521 tum
314 1457 421 1520 studio
445 1456 562 1520 effusae
584 1462 704 1521 matres
728 1460 760 1520 et
783 1458 898 1542 volgus
922 1459 1082 1524 inermum

220 1554 415 1638 invalidique
438 1575 528 1618 senes
552 1554 651 1618 turris
675 1573 711 1616 ac
733 1557 817 1618 tecta
840 1555 1008 1622 domorum

221 1652 379 1737 obsedere,
403 1651 458 1714 alii
481 1650 585 1734 portis
608 1650 803 1716 sublimibus
827 1651 963 1716 adstant.

262 1747 308 1812 At
329 1747 409 1812 Iuno
434 1771 450 1812 e
474 1769 608 1832 summo,
631 1748 687 1831 qui
708 1769 794 1812 nunc
816 1747 964 1814 Albanus
987 1748 1128 1816 habetur

220 1843 303 1932 (tum
317 1863 420 1929 neque
438 1866 556 1910 nomen
573 1848 643 1908 erat
655 1866 713 1908 nec
726 1844 831 1908 honos
851 1848 906 1908 aut
921 1846 1026 1930 gloria
1043 1846 1177 1934 monti),
1187 1867 1237 1914 135

219 1941 417 2026 prospiciens
440 1941 565 2006 tumulo
589 1962 736 2030 campum
759 1941 943 2024 aspectabat
966 1945 998 2006 et
1022 1943 1135 2008 ambas

219 2039 415 2102 Laurentum
438 2033 622 2121 Troumque
645 2038 727 2102 acies
750 2037 929 2121 urbemque
954 2038 1071 2104 Latini.

219 2135 378 2218 extemplo
402 2134 503 2198 Turni
526 2134 572 2198 sic
595 2138 644 2198 est
667 2134 773 2198 adfata
798 2157 940 2200 sororem

219 2233 291 2296 diva
315 2233 414 2317 deam,
438 2232 561 2316 stagnis
586 2253 666 2314 quae
688 2223 943 2316 fluminibusque
967 2233 1093 2298 sonoris

218 2329 377 2412 praesidet
399 2326 500 2415 (hunc
522 2327 571 2390 ilii
594 2349 649 2390 rex
673 2328 811 2392 aetheris
837 2330 923 2398 altus
946 2329 1103 2396 honorem
1188 2351 1237 2399 140

217 2424 364 2511 Iuppiter
387 2428 496 2508 erepta
517 2447 576 2509 pro
600 2424 786 2508 virginitate
811 2424 974 2513 sacravit):

219 2521 381 2607 ‘nympha
403 2521 497 2585 decus
521 2521 702 2607 fluviorum,
724 2522 831 2587 animo
856 2523 1041 2610 gratissima
1063 2531 1192 2614 nostr0,
1271 2533 1272 2575 i

219 2619 281 2682 scis
304 2621 340 2681 nt
363 2621 396 2681 te
419 2618 541 2682 cunctis
564 2640 669 2704 unam,
693 2639 910 2704 quaecumque
932 2619 1066 2686 Latinae

217 2714 414 2800 magnanimi
436 2713 523 2780 lovis
545 2715 709 2799 ingratum
733 2717 901 2782 ascendere
923 2706 1038 2803 cubile,

217 2812 423 2896 praetulerim
447 2813 588 2896 caelique
611 2813 726 2877 lubens
750 2813 785 2876 in
808 2819 898 2896 parte
920 2815 1065 2880 locarim:
1183 2838 1232 2885 145
1270 2811 1271 2881 i

218 2909 303 2972 disce
325 2912 427 2995 tuum,
448 2930 489 2973 ne
512 2931 562 2973 me
585 2909 721 2995 incuses,
743 2908 886 2996 Iuturna,
909 2911 1060 2976 dolorem.

102 3005 107 3018 '
218 3025 280 3088 qua
303 3005 372 3068 visa
396 3008 444 3069 est
467 3003 609 3070 Fortuna
631 3006 700 3090 pati
719 3006 898 3091 Parcaeque
919 3008 1067 3074 sinebant

217 3101 325 3165 cedere
348 3123 399 3164 res
423 3100 525 3186 Latio,
549 3101 692 3166 Turnum
716 3107 748 3167 et
770 3107 826 3168 tua
848 3103 974 3170 moenia
996 3105 1076 3169 texi:
1269 3103 1270 3187 i

216 3219 302 3262 nunc
324 3199 471 3262 iuvenem
494 3199 659 3283 inparibus
682 3199 774 3264 video
798 3221 984 3266 concurrere
1007 3201 1095 3289 fatis,

216 3294 450 3378 Parcarumque
473 3295 540 3360 dies
564 3299 595 3358 et
619 3297 668 3360 vis
690 3295 819 3360 inimica
841 3297 1045 3381 propinquat.
1182 3319 1229 3368 150
1268 3325 1269 3330 ¹

215 3412 282 3454 non
303 3411 445 3474 pugnam
469 3392 609 3474 aspicere
626 3392 708 3456 hanc
727 3393 837 3477 oculis,
855 3415 921 3458 non
939 3394 1066 3458 foedera
1085 3417 1228 3480 possum.

215 3491 252 3550 tu
275 3506 333 3570 pro
358 3505 508 3568 germano
533 3488 640 3570 siquid
661 3488 859 3572 praesentius
884 3489 989 3575 audes,
