2538 3970
378 233 528 290 VERGILI
546 233 678 289 AENEIS
696 235 735 290 IX
1002 236 1064 300 307

77 416 196 478 corpora
216 395 286 461 fusa
308 397 429 484 rident,
451 399 591 461 arrectos
614 395 709 463 litore
732 419 855 484 currus,

74 492 150 555 inter
170 492 235 556 lora
256 497 409 579 rotasque
431 495 529 579 viros,
551 493 648 558 simul
671 519 759 560 arma
781 497 891 577 iacere,

73 589 139 653 vina
160 590 260 655 simul.
305 591 396 674 prior
417 589 609 674 Hyrtacides
633 592 678 656 sio
702 615 756 658 ore
778 593 919 658 locutus:

74 686 220 772 ‘Euryale
242 688 422 752 audendum
445 688 569 772 dextra,
591 710 676 756 nunc
699 692 769 774 ipsa
791 695 885 754 vocat
908 712 967 755 res.
1014 707 1065 756 ³20

72 783 122 847 hac
142 785 201 850 iter
223 789 280 849 est.
326 789 374 870 tu,
395 806 435 849 ne
459 807 522 868 qua
544 807 658 849 manus
682 807 715 850 se
739 788 886 852 attollere
908 787 1003 851 nobie

71 886 190 968 atergo
213 884 328 968 possit,
351 881 476 947 custodi
499 886 531 946 et
554 883 684 946 consule
706 883 816 968 longc3
850 959 855 972 ι

71 979 138 1044 haec
159 1001 216 1065 ego
240 983 333 1044 vasta
356 979 437 1043 dabo
461 979 583 1043 111111
606 983 639 1043 tc
661 979 765 1044 limite
788 980 921 1045 ducam’

71 1077 108 1140 sic
128 1082 282 1142 memorat
303 1098 476 1161 vocemque
498 1077 629 1160 premit3
652 1077 749 1140 simul
772 1099 846 1141 ense
869 1078 1043 1161 superbum

69 1173 269 1239 Rhamnetem
293 1175 486 1260 adgreditur,
508 1175 565 1258 qui
587 1174 671 1239 forte
693 1173 857 1256 tapetibus
880 1173 955 1238 altis
1013 1191 1064 1238 315

69 1276 221 1337 extructus
244 1276 316 1337 toto
338 1271 499 1356 proflabat
521 1277 651 1355 pectore
674 1291 830 1356 somnum,

68 1391 115 1434 rex
136 1370 218 1434 idem
241 1374 274 1433 et
296 1369 365 1454 regi
388 1368 495 1434 Turno
519 1368 724 1454 gratissimus
749 1388 861 1455 augur,

68 1468 199 1532 sednon
222 1467 357 1552 augurio
380 1466 489 1550 potuit
511 1466 667 1550 depellere
689 1469 819 1549 pestem.

67 1565 119 1628 tris
139 1565 230 1629 iuxta
252 1564 391 1628 famulos
414 1567 533 1627 temere
555 1564 640 1626 inter
661 1562 728 1627 tela
749 1563 883 1626 iacentis

67 1663 312 1748 armigerumque
334 1660 428 1724 Remi
450 1660 567 1744 premit
590 1649 798 1745 aurigamque
822 1660 882 1724 suh
906 1661 986 1745 ipsis
1011 1677 1063 1727 310

66 1764 190 1825 nanctus
214 1759 305 1843 equis
328 1759 476 1841 ferroque
499 1761 585 1823 secat
607 1757 778 1841 pendentia
801 1757 896 1840 colla,

66 1861 128 1921 tum
149 1860 245 1940 eaput
267 1855 331 1940 ipsi
354 1856 458 1920 aufert
480 1855 609 1920 domino
632 1859 845 1937 truncumque
868 1854 1022 1938 relinquit

67 1954 210 2040 sanguine
234 1953 478 2037 singultantem
501 1955 572 2016 atro
595 1952 754 2034 tepefacta
777 1971 889 2015 cruore

65 2055 141 2115 terra
154 2051 283 2134 torique
296 2049 433 2114 madent.
459 2070 596 2114 necnon
609 2048 846 2131 Lamyrumque
864 2047 1062 2134 Lamumque

65 2153 93 2212 11
112 2149 256 2212 iuvenem
279 2144 460 2229 Serranum,
482 2147 538 2210 illa
562 2169 617 2231 qu1
640 2145 778 2228 plurima
800 2150 894 2208 nocte
1010 2163 1061 2211 331

64 2245 184 2331 luserat,
206 2243 344 2330 insignis
367 2243 455 2328 facie,
477 2244 643 2327 multoque
666 2243 790 2306 iacebat

64 2343 196 2407 membra
218 2341 277 2406 deo
299 2341 417 2406 vietus:
440 2341 528 2426 felir,
551 2341 579 2404 si
601 2340 749 2424 protinus
772 2339 865 2404 illum

63 2441 222 2523 aequasset
243 2438 331 2501 nocti
354 2437 464 2501 ludum
487 2437 522 2500 in
543 2435 709 2521 lucemque
731 2436 869 2500 tulisset.

62 2537 201 2620 inpastus
224 2555 281 2598 ceu
304 2534 398 2618 plena
420 2535 470 2599 leo
493 2555 550 2616 per
574 2533 670 2597 ovilia
692 2534 826 2597 turbans

62 2631 181 2720 (suadet
204 2632 289 2696 enirn
311 2653 447 2695 vaesana
468 2628 584 2716 fames)
607 2630 793 2714 manditque
817 2630 980 2714 trahitque
1009 2648 1061 2698 340

62 2730 149 2794 molle
172 2750 268 2812 pecus
293 2732 479 2812 mutumque
501 2733 599 2813 metu,
621 2728 730 2791 fremit
754 2749 808 2791 ore
831 2734 977 2792 cruento:

61 2848 112 2890 nec
132 2825 239 2889 minor
261 2823 396 2906 Euryali
419 2824 542 2909 caedes3
564 2824 713 2888 incensus
738 2828 769 2888 et
792 2825 861 2908 ipse

62 2921 190 3007 perfurit
213 2943 249 2986 ac
271 2922 406 2985 multam
428 2922 464 2985 in
485 2921 588 2985 medic
613 2921 681 2985 sine
705 2921 833 2985 nomine
855 2922 991 3008 plebem,

62 3019 237 3103 Fadumque
251 3017 493 3104 Herbesumque
513 3018 601 3082 subit
614 3015 840 3102 Rhoetumque
853 3017 1061 3106 Abarimque,

62 3119 192 3204 ignaros,
214 3115 378 3180 Rhoetum
400 3116 587 3200 vigilantem
610 3119 643 3178 et
666 3119 781 3180 cuncta
803 3115 972 3201 videntem,
1009 3135 1060 3181 343

63 3215 110 3279 sed
129 3234 283 3298 magnum
304 3215 449 3276 metuens
473 3234 507 3276 se
530 3216 606 3296 post
629 3215 751 3276 cratera
773 3213 915 3298 tegebat3

62 3313 180 3394 pectore
202 3309 239 3373 in
261 3308 393 3373 adverso
416 3312 523 3373 totum
547 3309 597 3373 cui
621 3310 798 3373 comminus
822 3331 929 3374 ensem

63 3407 194 3472 condidit
217 3405 404 3492 adsurgenti
427 3409 459 3470 et
481 3406 584 3470 multa
607 3409 712 3470 morte
734 3407 860 3490 recepit.

63 3526 245 3591 purpuream
268 3505 369 3568 vomit
391 3504 446 3568 ille
470 3503 607 3568 animam
630 3507 662 3568 et
686 3525 758 3568 oum
782 3505 936 3591 sanguine
960 3506 1061 3570 mixta

847 3609 902 3665 20*
