2576 3970
422 215 569 270 VERGILI
587 215 720 271 tauers
738 216 764 270 V
1031 219 1095 284 209

80 377 148 441 tela
171 381 296 463 tenens,
318 377 451 441 fratrem
472 377 636 460 Eurytion
657 377 693 442 in
714 382 791 443 vota
813 379 948 466 vocavit,

79 475 147 539 iam
170 496 272 539 vacuo
296 475 414 539 laetam
436 475 523 539 caelo
546 475 738 560 speculatus,
761 479 793 539 et
818 476 876 540 alis
1042 492 1094 542 515

80 572 290 656 plaudentem
312 571 407 656 nigra
429 572 502 657 figit
526 571 586 635 sub
608 571 694 636 nube
717 571 904 637 columbam.

79 668 202 734 decidit
226 668 382 732 exanimis
404 667 567 751 vitamque
589 667 721 752 reliquit
742 668 778 732 in
800 669 896 734 astris

80 765 235 830 aetheriis
258 765 420 849 fixamque
440 764 539 829 refert
561 765 690 848 delapsa
713 766 874 850 sagittam.

80 863 203 927 amissa
226 862 315 926 solus
338 861 444 946 palma
468 863 640 945 superabat
661 861 806 946 Acestes3

81 960 140 1043 qui
163 964 272 1024 tamen
295 959 396 1023 adrias
419 959 520 1023 telum
544 960 702 1024 contorsit
723 960 758 1024 in
781 983 883 1047 auras,
1042 978 1094 1027 520

81 1061 252 1121 ostentans
276 1060 441 1139 artemque
463 1059 554 1138 pater
577 1077 749 1141 arcumque
772 1062 946 1123 sonantem.

80 1152 136 1216 hic
161 1151 262 1216 oculis
286 1152 430 1216 subitum
453 1151 593 1216 obicitur
614 1173 796 1238 magnoque
818 1155 965 1219 futurum

81 1250 220 1334 augurio
243 1254 437 1314 monstrum:
461 1249 569 1312 docuit
592 1254 667 1333 post
690 1251 795 1316 exitus
818 1252 940 1337 ingens,

82 1368 219 1430 seraque
241 1347 373 1411 terrifici
396 1347 578 1412 cecinerunt
603 1348 709 1411 omina
731 1353 829 1413 vates.

79 1465 222 1528 namque
245 1444 357 1508 volans
380 1443 510 1528 liquidis
534 1443 569 1506 in
590 1443 732 1509 nubibus
756 1445 835 1509 arsit
858 1445 1003 1510 harundo
1042 1463 1093 1512 525

82 1540 288 1624 signavitque
312 1540 397 1604 viam
419 1539 557 1604 flammis
581 1542 751 1626 tenuisque
773 1543 905 1607 recessit

81 1641 274 1721 consumpta
296 1637 332 1700 in
352 1641 476 1723 ventos,
498 1637 585 1701 caelo
609 1659 666 1701 ceu
689 1659 783 1721 saepe
805 1639 904 1703 refixa

81 1739 309 1798 transcurrunt
332 1735 514 1818 crinemque
536 1735 680 1798 volantia
704 1735 807 1800 sidera
829 1736 957 1801 ducunt.

82 1832 234 1896 attonitis
256 1831 387 1896 haesere
410 1831 524 1895 animis
548 1853 745 1916 superosque
767 1834 888 1918 precati

82 1928 242 1994 Trinacrii
264 1927 440 2011 Teucrique
465 1927 535 2012 viri,
556 1949 615 1994 1111
637 1930 796 1994 maximus
820 1951 913 1994 omen
1043 1949 1094 1996 530

83 2026 198 2090 abnuit
220 2025 356 2109 Aeneas,
380 2026 435 2090 sed
457 2025 578 2090 laetum
602 2026 767 2110 amplexus
789 2025 929 2090 Acesten

82 2121 272 2187 muneribus
295 2121 437 2186 cumulat
460 2122 586 2206 magnis
611 2144 647 2186 ac
669 2121 748 2186 talia
771 2122 872 2188 fatur:

84 2221 196 2306 sume,
219 2223 323 2304 pater,
345 2239 421 2282 nem
443 2223 476 2283 te
498 2219 602 2283 voluit
624 2241 681 2283 rex
703 2240 839 2304 magnus
863 2217 992 2305 Olympi

83 2317 205 2382 talibus
229 2316 381 2401 auspiciis
405 2320 565 2380 exsortem
588 2317 701 2380 ducere
723 2315 870 2381 honores.

84 2415 187 2498 ipsius
210 2412 371 2478 Anchisae
392 2413 541 2503 longaevi
563 2413 624 2478 hoc
646 2436 763 2478 munus
785 2413 930 2501 habebis,
1042 2433 1095 2481 535

84 2516 208 2575 cratera
230 2510 413 2594 inpressum
437 2510 548 2596 signis,
571 2531 667 2593 quem
690 2511 844 2576 Thracius
869 2513 945 2576 olim

83 2607 245 2673 Anchisae
267 2608 408 2692 genitori
429 2607 466 2671 in
487 2628 604 2692 magno
626 2629 758 2672 munere
781 2606 910 2673 Cisseus

83 2707 166 2770 ferre
191 2705 242 2769 sui
265 2705 393 2769 dederat
414 2705 650 2769 monimentum
671 2708 703 2768 et
726 2705 843 2790 pignus
868 2707 1007 2772 amoris'

84 2804 129 2868 sic
151 2803 240 2866 fatus
264 2803 366 2887 cingit
388 2802 541 2866 viridanti
563 2805 709 2885 tempora
731 2803 822 2867 lauro

84 2905 116 2964 et
139 2899 281 2984 primum
304 2903 377 2964 ante
401 2901 504 2964 omnis
527 2899 682 2963 victorem
705 2900 845 2983 appellat
868 2900 1013 2968 Acesten.
1044 2921 1098 2969 540

82 3017 142 3061 nec
164 2997 270 3061 bonus
294 2995 455 3080 Eurytion
478 2996 622 3080 praelato
645 2995 761 3060 invidit
782 2996 914 3084 honore,

83 3093 232 3178 quamvis
256 3094 344 3158 solus
368 3115 459 3158 avem
482 3093 568 3158 caelo
593 3094 706 3158 deiecit
729 3094 769 3158 ab
793 3094 867 3159 alto.

84 3191 251 3275 proximus
275 3191 454 3276 ingreditur
477 3191 568 3254 donis
592 3193 649 3275 qui
672 3192 798 3256 vincula
820 3194 918 3280 rupit,

84 3292 246 3352 extremus
270 3288 393 3353 volueri
417 3289 472 3372 qui
495 3289 568 3352 fixit
589 3288 767 3354 harundine
790 3292 917 3356 malum.

127 3384 174 3448 At
197 3383 290 3469 pater
312 3383 436 3450 Aeneas
459 3387 601 3450 nondum
624 3388 795 3452 certamine
818 3390 916 3453 misso
1043 3407 1096 3454 545

84 3482 251 3546 custodem
273 3482 314 3546 ed
336 3505 404 3548 sese
427 3483 639 3567 comitemque
661 3484 792 3567 inpubis
815 3484 878 3548 Iuli

137 3597 259 3646 Bressos,
272 3597 358 3646 Vergil.
900 3594 933 3641 ll
