2556 3966
383 245 530 302 VERGILI
548 247 680 302 AENEIS
700 247 751 302 XII
1011 247 1075 318 391

67 411 156 472 55555
179 408 256 472 adeo
280 429 450 472 conversae
474 409 566 494 55155,
590 431 763 494 omnesque
785 407 904 495 Latini,

66 525 175 568 omnes
199 503 409 588 Dardanidae,
432 505 620 570 Mnestheus
644 529 778 590 acerque
801 504 947 570 Serestus

66 605 97 664 et
120 600 290 685 Messapus
315 623 405 666 ecum
428 602 567 668 domitor
591 605 623 666 et
646 603 741 666 fortis
764 601 872 666 Asilas
1026 619 1077 666 555

65 698 307 782 Tuscorumque
330 697 471 782 phalanx
495 697 702 782 Euandrique
725 700 863 764 Arcades
888 699 965 785 alae,

64 818 122 878 pro
148 819 182 860 sc
206 796 343 879 quisque
365 796 428 860 viri
452 818 576 860 summa
598 795 748 860 nituntur
771 819 869 880 opum
891 797 937 860 ri:

64 915 120 957 nec
143 915 235 957 mors
257 914 316 958 nec
338 893 473 978 requies,
495 896 588 958 55555
612 891 784 956 certamine
806 892 951 956 tendunt.

106 990 170 1055 Hic
193 993 334 1054 mentem
356 988 482 1054 Aeneae
505 989 651 1074 genetrix
673 986 888 1070 pulcherrima
910 989 1009 1073 misit,

64 1087 125 1151 iret
148 1091 187 1150 ut
210 1086 249 1151 ad
272 1109 381 1150 muros
406 1086 542 1169 urbique
567 1085 745 1152 adverteret
769 1106 883 1170 agmen
1023 1103 1075 1152 555

66 1184 152 1247 ocius
177 1186 210 1246 et
233 1181 341 1246 subita
363 1182 509 1246 turbaret
532 1181 619 1246 clade
642 1181 784 1247 Latinos.

64 1281 117 1344 ille
140 1284 179 1344 ut
203 1281 367 1364 vestigans
391 1280 517 1344 diversa
538 1301 595 1362 per
619 1280 746 1364 agmina
769 1279 912 1344 Turnum

64 1376 126 1440 huc
148 1381 247 1460 atque
270 1375 333 1438 huc
356 1375 438 1440 acies
462 1375 666 1462 circumtulit,
689 1377 804 1461 aspicit
829 1378 942 1442 urbem

64 1476 240 1538 immunem
263 1474 347 1538 tanti
369 1471 447 1538 155111
470 1476 566 1558 atque
588 1475 719 1556 impune
743 1475 893 1558 quietam.
1035 1447 1043 1551 1

65 1572 217 1636 continuo
241 1591 368 1656 pugnae
392 1571 533 1636 accendit
556 1571 686 1636 maioris
710 1571 831 1656 imago:
1023 1589 1073 1637 555

65 1667 233 1732 1155551555
257 1665 506 1752 Sergestumque
529 1671 622 1733 55555
643 1668 823 1752 fortemque
848 1667 1010 1734 Serestum

65 1765 213 1830 ductores
236 1765 461 1847 tumulumque
484 1765 666 1850 capitque
689 1769 794 1830 cetera
817 1766 973 1831 Teucrum

65 1862 227 1927 concurrit
249 1862 334 1946 legio
357 1883 416 1925 nec
439 1865 529 1928 scuta
552 1867 608 1926 aut
631 1862 753 1947 spicula
772 1863 862 1927 densi

65 1961 237 2044 deponunt.
285 1958 369 2022 55155
392 1959 515 2026 medius
539 1963 628 2024 stans
652 1981 768 2044 aggere
790 1961 890 2024 fatur:

65 2060 182 2142 ‘nequa
205 2057 285 2120 meis
309 2059 378 2118 5555
402 2055 495 2119 dictis
518 2077 608 2120 mora
633 2055 791 2142 (Iuppiter
812 2057 872 2120 hac
896 2056 986 2144 stat),
1018 2076 1073 2143 555
1102 2095 1104 2100 v

64 2178 123 2220 neu
150 2155 223 2238 quis
249 2153 290 2217 ob
313 2153 476 2236 inceptum
500 2153 643 2216 subitum
665 2153 746 2218 mihi
769 2155 898 2238 segnior
920 2156 975 2218 ito.

65 2255 178 2317 urbem
199 2250 305 2335 hodie,
328 2271 456 2314 causam
479 2250 565 2334 belli,
588 2270 686 2333 regna
709 2250 780 2334 ipsa
802 2249 919 2333 Latini,

65 2351 97 2413 ni
119 2351 250 2413 frenum
272 2347 412 2429 accipere
435 2350 466 2410 et
489 2347 566 2412 51551
587 2369 698 2430 555555
721 2347 873 2432 fatentur,

65 2469 175 2511 eruam
199 2449 231 2508 55
255 2467 355 2528 aequa
379 2444 448 2508 solo
471 2445 629 2508 fumantia
653 2443 791 2508 culmina
815 2467 940 2528 ponam.

66 2544 188 2608 scilicet
212 2544 384 2626 expectem,
405 2540 505 2604 libeat
529 2541 604 2603 dum
626 2540 748 2624 proelia
771 2541 878 2606 Turno
1022 2559 1074 2608 555

64 2647 177 2705 nostra
201 2639 270 2721 pati
293 2660 468 2721 rursusque
490 2636 569 2700 55115
592 2658 778 2702 concurrere
801 2639 927 2703 victus?

64 2737 125 2802 hoc
150 2739 255 2820 caput,
278 2757 297 2798 o
321 2735 414 2821 51555,
436 2735 513 2800 15555
535 2735 612 2799 belli
636 2757 759 2798 summa
781 2735 923 2800 nefandi:

65 2836 147 2900 ferte
170 2834 256 2896 faces
279 2853 413 2915 propere
435 2832 610 2914 foedusque
633 2833 790 2914 reposcite
814 2832 972 2896 fiammis?

66 2934 200 3016 dixerat,
223 2934 319 3012 atque
342 2929 456 2992 animis
480 2929 600 3012 pariter
623 2930 820 2993 certantibus
844 2951 953 2994 omnes

66 3030 143 3093 dant
166 3050 303 3092 cuneum
325 3026 484 3110 densaque
507 3027 546 3090 ad
568 3047 677 3090 muros
700 3027 785 3090 mole
807 3028 962 3096 feruntur.
1023 3047 1074 3094 555

67 3127 169 3190 scalae
192 3123 369 3207 1555555155
395 3123 585 3206 subitusque
608 3123 757 3207 apparuit
780 3124 874 3208 ignis.

64 3225 249 3288 discurrunt
273 3220 328 3283 5111
352 3221 392 3284 ad
413 3225 523 3303 portas
546 3221 731 3304 primosque
753 3220 924 3300 trucidant,

65 3321 185 3385 ferrum
209 3319 264 3382 alii
288 3320 441 3400 torquent
463 3321 495 3380 et
519 3318 712 3382 obumbrant
736 3317 866 3382 aethera
889 3318 970 3382 55115.

65 3420 134 3502 1555
156 3420 242 3481 15555
264 3416 386 3499 primos
411 3416 554 3479 dextram
579 3415 638 3478 sub
661 3415 786 3478 moenia
811 3415 915 3478 tendit
1054 3489 1055 3494 η

65 3516 190 3580 Aeneas
214 3534 393 3598 magnaque
416 3513 541 3576 incusat
565 3533 641 3575 5555
664 3511 816 3577 Latinum
1022 3527 1074 3576 585
