2552 3958
193 199 235 262 22
504 197 651 252 VERGILI
669 195 811 252 ECLOGA
832 195 895 250 VIII

141 377 157 424 2
193 359 357 424 Maenalus
381 364 594 444 argutumque
616 381 728 424 nemus
751 359 908 442 pinosque
931 359 1094 443 loquentis

195 479 318 541 semper
339 457 450 542 habet3
474 478 597 540 semper
619 459 786 540 pastorum
807 455 862 518 ille
886 456 976 520 audii
999 477 1123 520 amores

193 553 357 640 Panaque,
380 554 436 638 qui
458 555 581 638 primus
604 553 742 617 calamos
764 574 832 617 non
853 575 969 636 passus
991 552 1114 617 merlis.

238 652 342 734 incipe
363 651 539 716 Maenalios
562 671 699 736 mecum,
721 669 792 714 mea
814 649 911 736 tibia,
933 672 1053 715 versus.
1168 667 1202 714 25

195 774 310 859 Mopso
333 773 424 859 Nysa
446 775 553 838 datur:
577 773 655 857 quid
676 795 742 838 non
765 794 928 857 speremus
952 774 1120 838 amantes?

194 873 368 956 irmgenlur
390 872 456 936 iam
478 892 595 956 grypes
618 871 722 957 equis,
746 891 887 954 aevoque
911 871 1077 954 sequentis

194 991 267 1034 cum
290 969 421 1034 canibus
444 968 550 1032 cimici
571 967 701 1032 venient
724 967 763 1031 ad
785 967 900 1051 pocula
923 967 1075 1032 dammae.
1169 984 1201 1033 28

238 1065 342 1149 incipe
365 1064 540 1130 Maenalios
563 1085 700 1150 mecum,
721 1085 792 1129 mea
814 1064 909 1150 tibia,
931 1086 1052 1129 versus.

194 1162 321 1249 Mopse,
343 1185 443 1227 novas
465 1161 569 1226 incide
590 1161 687 1242 faces:
710 1161 772 1225 tibi
795 1161 922 1226 ducitur
944 1183 1034 1226 uxor.
1169 1179 1201 1226 29

196 1281 324 1346 sparge,
337 1260 466 1346 marite,
479 1280 589 1323 nuces:
603 1257 665 1322 tibi
679 1257 796 1323 deserit
809 1257 973 1342 Hesperus
988 1256 1110 1322 Oetam
1169 1277 1202 1324 30

238 1357 342 1439 incipe
365 1354 541 1420 Maenalios
563 1376 700 1441 mecum,
722 1359 793 1420 mea
814 1355 910 1440 tibia,
932 1377 1053 1419 versus.

159 1487 167 1508 ‘
195 1488 221 1552 O
245 1489 341 1572 digno
365 1489 535 1553 coniuncta
556 1487 641 1573 viro,
664 1487 740 1550 dum
762 1487 898 1571 despicis
922 1508 1046 1572 omnes,

172 1587 333 1668 -dumque
355 1584 418 1648 tibi
441 1588 490 1648 esi
514 1585 588 1648 odio
611 1605 682 1648 mea
704 1583 814 1648 fistula
836 1584 973 1666 dumque
996 1585 1136 1666 capellae

144 1722 149 1732 ·
193 1679 418 1765 hirsutumque
442 1679 647 1764 supercilium
669 1681 889 1765 promissaque
912 1680 1027 1766 barba,

112 1768 138 1778 Ἀ
193 1801 252 1842 neo
274 1800 383 1842 curare
407 1778 500 1840 deum
523 1776 624 1840 credis
646 1778 796 1841 mortalia
820 1799 1020 1862 quemquam.
1168 1795 1202 1842 35

132 1866 152 1924 Ἃ
238 1875 342 1958 incipe
364 1873 540 1938 Maenalios
563 1894 700 1960 mecum,
722 1895 793 1938 mea
815 1875 910 1961 tibia,
932 1896 1053 1939 versus.

112 2010 113 2019 ’
160 1998 168 2021 '
196 1997 351 2082 Saepibus
374 1998 410 2061 in
430 1997 552 2062 nostris
576 2019 707 2079 parvam
729 2001 761 2062 te
783 1997 908 2063 roscida
929 1998 1015 2062 mala

195 2093 274 2181 (dux
297 2116 357 2180 ego
379 2098 485 2158 vester
509 2091 609 2180 eram)
632 2094 699 2158 vidi
721 2116 793 2158 cum
814 2099 917 2160 matre
939 2095 1107 2180 legentem.

194 2193 276 2256 aller
299 2191 339 2255 ab
363 2190 531 2254 undecimo
555 2193 626 2254 tum
647 2192 785 2256 maiam
808 2195 970 2276 acceperat
994 2213 1110 2277 annus;

123 2300 126 2357 ἶ
193 2290 258 2354 iam
279 2288 405 2374 fragilis
428 2291 574 2371 poteram
597 2286 637 2350 ab
661 2291 748 2352 terra
771 2289 957 2372 contingere
979 2310 1096 2354 ramos,
1167 2306 1202 2354 40

133 2434 135 2464 ἶ
181 2392 230 2451 ul
252 2387 319 2452 vidi
345 2389 382 2450 ul
404 2383 499 2470 perii,
521 2388 558 2448 ut
580 2405 631 2447 me
653 2385 756 2448 malus
780 2385 915 2450 abslulii
938 2407 1035 2450 error.

237 2483 342 2566 incipe
364 2481 540 2546 Maenalios
564 2501 701 2568 meeum,
722 2503 793 2546 mea
815 2481 910 2567 tibia,
932 2503 1052 2546 versus.

160 2617 167 2639 '
193 2605 288 2671 Nunc
311 2607 391 2692 scio,
414 2605 491 2689 quid
514 2604 556 2668 sil
578 2603 688 2669 Amor.
734 2604 822 2669 duris
844 2605 880 2669 in
902 2605 1029 2670 colibus
1051 2605 1145 2669 illum

195 2706 251 2769 aut
273 2703 406 2767 Tmaros
431 2706 487 2766 aul
509 2701 665 2786 Rhodope
689 2705 744 2766 aut
768 2701 901 2765 extremi
925 2697 1136 2764 Garamantes

193 2822 251 2866 nec
275 2800 399 2884 generis
422 2799 527 2864 noslri
548 2820 683 2883 puerum
703 2820 762 2862 neo
786 2797 952 2882 sanguinis
975 2797 1081 2860 edunt.
1168 2815 1201 2862 45

237 2895 540 2997 incipe'Maenalios
562 2917 699 2982 mecum,
720 2917 791 2959 mea
813 2895 908 2980 tibia,
929 2915 1049 2958 versus.

159 3031 175 3051 '‘
195 3020 313 3086 Saevos
336 3018 436 3084 Amor
459 3019 566 3083 docuit
588 3023 739 3083 nalorum
762 3017 917 3102 sanguine
940 3021 1075 3081 matrem
1258 3073 1259 3120 p

195 3116 424 3183 commaculare
446 3137 573 3201 manue,
596 3115 745 3180 crudelis!
768 3119 806 3179 tu
829 3135 969 3200 quoque,
990 3116 1108 3200 maier,
1258 3137 1259 3198 p

193 3215 329 3281 crudelis
352 3217 468 3298 mater,
489 3213 593 3296 magis
617 3216 650 3275 at
672 3235 751 3296 puer
773 3211 939 3295 improbus
962 3211 1024 3274 ille.
1168 3229 1200 3276 49
1258 3199 1259 3290 l

236 3313 341 3394 incipe
365 3309 539 3373 Maenalios
561 3330 698 3396 mecum,
720 3331 791 3373 mea
813 3307 907 3393 libia,
929 3328 1049 3371 versus,
1169 3325 1200 3370 51

192 3458 347 3534 improbus
369 3457 420 3514 ille
443 3473 530 3530 puer3
554 3454 682 3513 crudelis
706 3457 742 3513 lu
765 3473 894 3531 quoque,
920 3458 1014 3512 maier
1168 3465 1201 3514 50
