2612 3964
185 263 247 328 182
505 264 652 318 VERG1L1
670 265 802 319 nausis
820 266 873 318 un

183 425 304 490 invidia
327 427 397 491 est?
421 429 454 489 et
476 447 536 490 nos
559 425 609 490 fas
632 429 741 490 extera
764 448 915 510 quaerere
938 449 1045 513 regna.
1143 448 1191 496 350

182 545 234 588 me
257 523 359 607 patris
382 522 551 608 Anchisae,
574 523 723 606 quotiens
746 524 931 588 umentibus
954 526 1077 591 umbris

182 641 247 683 nox
272 619 376 702 operit
399 622 511 704 terras,
535 619 683 702 quotiens
708 623 796 684 astra
817 621 912 705 ignea
935 627 1082 709 surgunt,

184 715 333 781 admonet
356 717 391 780 in
414 715 534 780 somnis
558 719 590 778 εὴ
613 715 743 778 turbida
765 719 865 779 terret
887 717 1005 804 imag0,

183 835 234 877 me
256 834 336 896 puer
358 811 516 876 Ascanius
536 811 714 895 capitisque
736 811 854 876 iniuria
877 815 952 898 cari,

184 932 279 994 quem
301 929 401 994 regno
424 907 598 990 Hesperiae
620 908 733 972 fraudo
758 912 790 972 εὴ
812 910 966 974 fatalibus
990 911 1084 976 arvis.
1143 931 1190 977 355

183 1028 268 1071 nunc
291 1007 387 1070 etiam
410 1006 568 1088 interpres
591 1004 699 1068 divom
721 1003 798 1070 Iove
820 1007 938 1071 missus
963 1008 1003 1072 ab
1026 1009 1099 1093 ipso

184 1102 302 1190 (testor
325 1108 497 1187 utrumque
520 1099 630 1188 caput)
653 1101 764 1166 celeris
787 1103 939 1168 mandata
961 1127 1018 1189 per
1042 1129 1135 1172 auras

184 1200 313 1286 detulit,
335 1200 405 1284 ipse
428 1199 522 1264 deum
544 1198 715 1263 manifesto
738 1198 774 1261 in
796 1199 917 1264 lumine
939 1201 1006 1265 vidi

184 1298 361 1362 intrantem
381 1317 501 1381 muros,
523 1316 696 1378 vocemque
719 1293 769 1359 his
793 1297 926 1361 auribus
948 1297 1051 1363 hausi.

184 1395 292 1458 desine
314 1415 428 1477 meque
450 1393 516 1457 tuis
539 1392 705 1457 incendere
726 1395 823 1476 teque
847 1394 1011 1478 querellis:
1143 1417 1191 1465 aco
1279 1409 1280 1436 ³

184 1491 313 1555 Italiam
334 1512 402 1555 non
424 1493 539 1573 sponte
563 1489 698 1573 sequor’

229 1586 320 1650 Talia
342 1587 499 1650 dicentem
521 1585 695 1648 iandudum
718 1607 829 1650 aversa
851 1591 962 1652 tuetur

185 1684 248 1748 hue
269 1684 347 1748 illuc
368 1684 500 1748 volvens
523 1683 642 1762 oculos,
664 1686 835 1766 totumque
858 1690 1001 1767 pererrat

185 1780 363 1844 luminibus
386 1779 503 1865 tacitis,
526 1783 559 1843 et
582 1779 628 1842 sic
651 1800 781 1844 accensa
803 1783 964 1863 profatur:

187 1879 256 1941 ‘nec
274 1877 336 1940 tibi
355 1877 427 1940 diva
446 1898 561 1960 parens
580 1875 705 1960 generis
723 1896 782 1941 nec
800 1875 970 1943 Dardanus
990 1885 1111 1967 auctor,
1143 1901 1190 1948 aaa

186 1974 314 2059 perfide,
337 1973 392 2037 sed
415 1973 503 2037 duris
526 1973 638 2058 genuit
660 1976 694 2036 te
716 1973 864 2037 cautibus
887 1974 1022 2040 horrens

187 2071 348 2137 Caucasus
371 2069 602 2154 Hyrcanaeque
625 2068 796 2132 admorunt
818 2070 918 2135 ubera
940 2071 1050 2156 tigres.

186 2193 262 2235 nam
285 2169 362 2254 quid
385 2168 552 2232 dissimulo
576 2170 632 2230 aut
656 2187 737 2250 quae
759 2187 811 2230 me
834 2167 874 2230 ad
895 2168 1018 2233 maiora
1046 2173 1192 2236 reservo?

187 2288 264 2330 num
287 2265 366 2329 fletu
388 2263 545 2349 ingemuit
567 2263 702 2326 nostro?
724 2284 803 2326 num
825 2264 948 2328 lumina
971 2265 1082 2331 flexit?

187 2385 265 2428 num
277 2361 425 2426 lacrimas
440 2361 544 2425 victus
559 2359 646 2422 dedit
660 2364 716 2423 aut
725 2360 896 2425 miseratus
907 2366 1123 2429 amantemst?
1145 2383 1192 2431 370

188 2482 269 2545 quae
293 2459 410 2544 quibus
434 2456 632 2521 anteferam?
655 2457 720 2520 iam
743 2457 807 2520 iam
828 2479 888 2523 nec
909 2461 1048 2524 maxima
1069 2459 1151 2525 Iuno

186 2578 245 2622 nec
268 2555 440 2621 Saturnius
462 2553 541 2618 haee
564 2553 665 2617 oculis
688 2557 780 2637 pater
803 2555 918 2638 aspicit
940 2558 1059 2640 aequis.

187 2675 348 2737 nusquam
369 2656 442 2716 tuta
464 2651 550 2715 fides.
597 2649 733 2714 eiectum
755 2650 860 2736 litore,
884 2656 1030 2737 egentem

188 2750 297 2834 excepi
320 2754 352 2814 et
374 2749 467 2836 regni
489 2749 617 2812 demens
639 2747 675 2810 in
696 2751 788 2830 parte
809 2748 913 2812 locavi

190 2848 356 2933 [amissam
380 2848 523 2932 classem,
546 2845 649 2910 socios
673 2867 691 2907 a
713 2848 818 2908 morte
839 2846 965 2931 reduxi]
1146 2864 1193 2912 375

189 2944 267 3032 (heu
289 2943 383 3008 furiis
406 2944 535 3008 incensa
556 2939 672 3027 feror):
695 2962 780 3005 nunc
802 2963 906 3026 augur
927 2943 1056 3027 ApoHO,

188 3063 274 3107 nunc
296 3039 412 3125 Lyciae
435 3044 549 3126 sortes,
570 3059 656 3104 nunc
679 3042 711 3102 et
733 3037 809 3102 Iove
831 3040 949 3105 missus
973 3041 1013 3105 ab
1036 3042 1108 3125 ipso

189 3140 347 3221 interpres
371 3137 478 3201 divom
499 3137 562 3200 fert
584 3135 715 3200 horrida
737 3135 825 3199 iussa
847 3157 904 3219 per
927 3159 1029 3201 auras.

191 3234 312 3299 scilicet
334 3234 363 3297 is
387 3233 511 3316 superis
534 3231 626 3295 labor
650 3235 708 3318 cst,
730 3253 767 3296 ea
789 3253 865 3297 cura
888 3234 1014 3317 quietos

191 3331 352 3396 sollicitat.
398 3351 501 3413 neque
524 3332 557 3393 te
579 3333 672 3392 teneo
695 3349 798 3412 neque
821 3329 906 3394 dicta
927 3331 1051 3396 refello:
1147 3347 1195 3395 380

190 3430 211 3513 i,
235 3450 366 3512 sequere
388 3427 517 3492 Italiam
539 3425 654 3511 ventis,
676 3431 750 3510 pete
772 3447 872 3511 regna
894 3449 951 3511 per
973 3429 1083 3493 undas.

191 3547 285 3609 spero
309 3524 455 3608 equidem
477 3523 600 3607 mediis,
624 3522 730 3605 siquid
753 3523 807 3605 pia
829 3524 961 3587 numina
984 3530 1131 3610 possunt,
