2574 3964
190 178 235 242 80
482 176 628 232 VERGILI
647 175 857 232 GEORGICON
875 177 914 231 III

189 343 352 422 praeterea
373 362 432 404 nec
453 341 572 404 mutari
593 340 657 404 iam
680 339 798 423 pabula
821 341 937 426 refert,

191 437 416 520 quaesitaeque
437 441 554 502 nocent
577 442 678 520 artes3
702 458 825 500 cessere
846 436 995 521 magistri

100 525 113 556 ⁵
190 531 382 616 Phillyrides
406 531 527 598 Chiron
549 532 852 617 Amythaoniusque
875 533 1063 616 Melampus,
1151 549 1201 598 550

192 630 293 694 saevit
316 631 404 694 etin
427 631 530 695 lucem
554 627 677 714 Stygiis
702 630 819 694 emissa
842 631 983 694 tenebris

192 727 311 810 pallida
333 727 507 810 Tisiphone
530 727 662 792 Morbos
687 727 756 811 agit
781 735 855 791 ante
878 727 1080 812 Metumque,

122 855 127 876 =
192 824 289 906 inque
312 823 378 888 dies
402 824 529 888 avidum
553 843 687 908 surgens
712 828 808 907 eaput
832 825 929 888 altius
953 825 1052 888 effert.

192 919 303 983 balatu
325 941 476 1003 pecorum
498 924 530 984 et
554 921 674 984 crebris
698 922 877 1006 mugitibus
901 943 1008 986 amnes

194 1020 381 1101 arentesque
406 1021 522 1082 sonant
544 1017 632 1101 ripae
655 1018 815 1101 collesque
840 1019 953 1102 supini.
1153 1037 1202 1084 555

193 1114 321 1197 iamque
344 1115 531 1178 catervatim
553 1115 608 1178 dat
632 1117 773 1198 stragem
796 1119 893 1199 atque
916 1121 1049 1200 aggerat
1073 1116 1154 1200 ipsis

176 1208 230 1274 'in
253 1211 389 1275 stabulis
413 1211 501 1294 turpi
524 1211 648 1294 dilapsa
671 1212 822 1275 cadavera
846 1212 934 1298 tabe,

195 1308 294 1372 donec
315 1309 414 1373 humo
437 1313 545 1394 tegere
568 1330 604 1372 ac
626 1309 727 1372 foveis
751 1309 943 1373 abscondere
967 1309 1104 1374 discunt.

195 1428 271 1470 nam
291 1427 395 1490 neque
417 1411 485 1470 erat
508 1407 609 1470 coriis·
626 1430 720 1492 usus,
742 1428 800 1470 nec
822 1408 944 1486 viscera
968 1408 1140 1491 quisquam

197 1507 253 1567 aut
275 1505 369 1567 undis
393 1503 521 1568 abolere
542 1507 651 1587 potest
674 1509 730 1568 aut
753 1505 879 1569 vincere
901 1504 1042 1589 fiamma3
1155 1523 1206 1572 555

196 1623 237 1664 ne
259 1601 390 1664 tondere
413 1601 541 1684 quidem
562 1601 675 1665 morbo
699 1601 887 1686 inluvieque
904 1623 1015 1685 peresa

197 1697 315 1762 vellera
335 1719 394 1761 nec
416 1698 496 1760 telas
519 1701 656 1781 possunt
676 1699 833 1784 attingere
856 1700 976 1783 putris3

198 1817 309 1859 verum
332 1795 429 1858 etiam
450 1793 571 1858 invisos
596 1795 697 1878 siquis
721 1799 893 1884 temptaret
916 1796 1065 1880 amictus,

200 1893 346 1956 ardentes
368 1892 503 1976 papulae
526 1895 622 1976 atque
644 1892 826 1956 immundus
850 1887 1091 1956 olentia'sudor

199 1988 342 2053 membra
365 1989 570 2074 sequebatur,
591 2011 649 2053 nec
670 1988 768 2073 longo
792 1989 903 2052 deinde
926 1988 1066 2052 moranti
1157 2007 1211 2055 555

200 2091 343 2170 tempore
365 2089 529 2150 contactos
553 2089 641 2150 artus
666 2107 753 2150 sacer
776 2086 860 2170 ignis
885 2086 1005 2149 edebat.
1139 2125 1186 2185 Μ
