2514 3966
195 251 259 316 318
516 239 665 296 VERGILI
683 239 816 294 nuituis
834 239 873 293 IX

147 457 149 473 1
195 410 311 476 armati
334 410 418 473 ferro
443 408 475 470 et
497 403 604 468 cristis
628 401 732 484 capita
756 400 821 464 alta
844 401 981 466 corusci:

150 496 155 579 ’ζ
195 507 306 591 quales
330 504 433 569 adriae
454 500 612 586 liquentia
635 497 767 560 flumina
790 496 918 581 circum,

149 655 151 685 ,
195 603 262 668 sive
284 601 362 666 Padi
384 599 464 683 ripis
488 596 637 661 Athesim
660 616 716 658 seu
738 597 870 678 propter
893 615 1071 681 amoenum,
1149 611 1193 660 ooo

145 720 149 770 f
194 700 394 783 consurgunt
417 695 560 781 geminae
584 712 717 776 quercus
740 690 933 772 intonsaque
956 690 1043 756 caelo

195 795 350 860 attollunt
373 793 479 876 capita
502 795 534 855 et
557 787 688 854 sublimi
710 787 829 850 vertice
850 791 910 850 nut
953 792 975 852 1.

193 893 383 976 inrumpunt
406 890 512 954 aditus
535 885 650 951 Rutuli
673 890 711 949 ut
732 884 839 949 videre
861 885 1002 967 patentis

194 989 346 1053 continuo
371 986 528 1062 Quercens
552 987 584 1047 et
606 982 738 1066 pulcher
761 979 940 1063 Aquiculus
963 982 1061 1046 armis

194 1089 227 1149 et
249 1106 399 1170 praeceps
424 1082 522 1146 animi
545 1080 679 1144 Tmarus
703 1082 735 1142 et
758 1078 936 1144 Mavortius
958 1078 1106 1144 Haemon
1148 1097 1191 1146 611

194 1182 377 1268 agminibus
400 1179 493 1244 totis:
518 1181 551 1242 at
573 1176 659 1242 versi
681 1179 772 1260 terga
794 1176 906 1240 dedere

194 1283 250 1343 aut
273 1279 344 1364 ipso
368 1281 480 1362 portae
503 1295 638 1358 posuere
660 1273 695 1336 111
716 1272 827 1337 limine
849 1273 958 1338 vitam.

194 1378 265 1437 tum
286 1373 390 1457 magis
412 1372 594 1435 increscunt
617 1369 731 1433 animis
755 1369 953 1434 discordibus
977 1371 1056 1456 irae,

195 1475 227 1534 et
249 1471 314 1534 iam
336 1469 461 1534 collecti
481 1467 583 1532 ¹Troes
607 1467 826 1551 glomerantur
849 1467 959 1530 eodem

195 1572 227 1631 11
249 1566 392 1630 conferre
413 1587 545 1628 manum
568 1567 600 1628 et
621 1555 807 1646 procurrere
829 1563 958 1648 longius
982 1564 1108 1630 audent.
1147 1581 1190 1632 111

238 1662 374 1727 Ductori
397 1661 505 1726 Turno
531 1661 654 1724 diversa
676 1659 711 1722 in
732 1663 823 1744 parte
845 1660 965 1724 furenti

194 1759 402 1842 turbantique
425 1759 512 1822 viros
535 1757 694 1841 perfertur
715 1755 859 1842 nuntius,
879 1756 1008 1821 hostem

172 1857 316 1920 'fervere
338 1856 430 1919 caede
453 1876 537 1918 nova
559 1857 592 1916 11
614 1857 725 1936 portas
748 1854 901 1936 praebere
923 1857 1073 1939 patentis.

194 1951 312 2016 deserit
334 1951 497 2035 inceptum
520 1953 616 2033 atque
638 1949 770 2014 immani
793 1951 936 2015 concitus
958 1953 1008 2016 111

194 2047 389 2113 Dardaniam
411 2048 477 2111 ruit
500 2047 539 2110 ad
561 2050 688 2130 portam
709 2048 889 2132 fratresque
913 2049 1077 2132 superbos.
1147 2068 1190 2116 ooo

194 2148 227 2208 et
249 2145 389 2229 primum
412 2142 613 2226 Antiphaten
635 2141 679 2229 (is
702 2144 787 2208 enim
810 2167 844 2208 se
866 2145 990 2228 primus
1014 2145 1154 2234 agebat),

195 2241 346 2305 Thebana
368 2240 406 2304 de
427 2243 529 2303 matre
551 2239 688 2303 nothum
711 2239 903 2322 Sarpedonis
922 2242 991 2328 alti,

118 2394 123 2404 .
194 2339 337 2403 coniecto
362 2337 478 2402 sternit
500 2336 617 2421 iaculo,
640 2336 729 2400 volat
750 2336 833 2400 Itala
856 2358 971 2402 cornus

194 2441 267 2500 1111
289 2456 346 2518 per
368 2438 515 2498 tenerum
539 2431 766 2516 stomachoque
789 2433 887 2497 infixa
910 2435 969 2499 sub
994 2437 1096 2502 altum

194 2535 305 2616 pectus
329 2530 409 2595 abit:
433 2529 537 2594 reddit
561 2550 673 2613 specus
697 2529 759 2594 1111
781 2530 920 2594 volneris
943 2533 1063 2599 undam
1146 2552 1190 2600 111

195 2632 407 2713 spumantem,
430 2631 463 2692 et
485 2626 550 2690 fixo
574 2627 694 2689 ferrum
716 2626 750 2689 in
772 2627 923 2710 pulmone
945 2633 1088 2713 tepescit.

193 2730 264 2790 tum
273 2725 438 2809 Meropem
453 2727 549 2808 atque
563 2722 741 2806 Erymanta
754 2745 860 2810 manu,
873 2729 942 2788 tum
957 2729 1073 2794 sternit
1081 2728 1190 2814 Aphid-

827 2841 904 2884 num

194 2924 264 2985 tum
286 2917 396 2982 Bitian
419 2917 581 2981 ardentem
603 2916 703 2980 oculis
728 2871 914 3000 animisque,
925 2919 1112 2987 frementem

167 3089 170 3101 ,
193 3038 260 3080 non
281 3015 385 3078 iaculo
409 3011 527 3101 (neque
551 3013 634 3077 enim
657 3012 760 3076 iaculo
784 3013 884 3078 vitam
906 3015 962 3079 ille
985 3017 1145 3106 dedisset),

167 3200 169 3208 Ι
195 3112 250 3177 sed
272 3133 426 3196 magnum
449 3111 587 3174 stridens
611 3113 758 3174 contorta
779 3109 910 3175 falarica
931 3115 1029 3199 venit,
1144 3130 1186 3181 loo

193 3208 337 3272 fulminis
361 3211 433 3270 acta
455 3206 559 3291 modo,
583 3228 678 3289 quam
700 3227 760 3270 nec
781 3206 843 3271 duo
867 3212 978 3274 taurea
999 3213 1090 3297 terga

193 3326 252 3369 nec
274 3303 393 3388 duplici
417 3325 549 3386 squama
570 3303 669 3368 lorica
691 3303 805 3368 fidelis·
818 3309 849 3369 et
873 3327 950 3370 auro

195 3401 362 3466 sustinuit:
387 3400 538 3483 conlapsa
559 3405 658 3464 ruunt
680 3401 831 3466 immania
854 3403 1005 3468 membra.
1100 3467 1103 3472 .

194 3499 249 3562 dat
271 3498 368 3562 tellus
392 3496 558 3582 gemitum,
580 3500 612 3560 et
635 3497 772 3581 clipeum
795 3519 891 3582 super
914 3499 1045 3565 intonat
1068 3502 1178 3586 ingens.
