2612 3964
180 234 243 297 180
499 234 647 288 VERGILI
666 234 796 288 Anrnls
815 235 866 288 lllI

177 395 292 458 audeat
315 395 439 459 affatu?
463 417 543 479 quae
566 395 670 479 prima
692 396 821 459 exordia
835 395 973 458 sumat?

178 496 274 574 atque
288 492 430 555 animum
443 513 529 556 nunc
541 493 605 556 huc
618 493 760 576 celerem,
773 514 858 555 nunc
872 492 985 555 dividit
1000 492 1079 555 illuc
1136 509 1190 556 285

179 588 228 672 [in
249 589 415 672 partisque
437 589 523 671 rapit
546 590 650 653 varias
674 611 794 672 perque
817 588 924 652 omnia
946 587 1085 671 versat]:

177 684 255 748 haec
278 685 451 748 alternanti
473 685 582 768 potior
605 685 765 749 sententia
787 685 857 748 visa
880 687 937 748 est.

178 780 346 846 Mnesthea
370 779 618 867 Sergestumque
640 785 734 846 vocat
756 782 937 865 fortemque
961 779 1136 866 Serestum,

179 877 313 942 classem
335 882 446 962 aptent
469 880 560 943 taciti
584 879 752 962 sociosque
776 877 816 941 ad
837 877 935 941 litora
957 880 1085 962 cogant,

180 997 267 1038 arma
289 979 404 1058 parent
427 979 468 1060 et,
492 997 573 1059 quae
595 976 691 1040 rebus
715 976 759 1039 sit
782 996 878 1038 causa
898 973 1066 1058 novandis,
1138 991 1192 1038 290

179 1071 395 1156 dissimulent3
419 1093 487 1136 sese
509 1073 641 1157 interea,
664 1072 791 1154 quando
815 1071 937 1155 optima
958 1069 1043 1134 Dido

178 1168 301 1232 nesciat
324 1171 356 1232 et
379 1171 489 1232 tantos
512 1167 619 1252 rumpi
640 1190 708 1233 non
731 1171 837 1252 speret
860 1189 993 1253 amores,

179 1268 413 1348 temptaturum
436 1265 542 1328 aditus
566 1268 598 1328 et
621 1287 702 1348 quae
723 1265 914 1330 mollissima
936 1265 1025 1329 fandi

180 1366 334 1447 tempora,
357 1361 428 1445 quis
451 1361 547 1425 rebus
572 1362 681 1425 dexter
703 1363 826 1427 modus
872 1361 960 1426 ocius
984 1383 1095 1426 omnes

180 1459 315 1542 imperio
337 1458 415 1522 laeti
437 1461 551 1547 parent
574 1479 610 1522 ac
632 1459 720 1522 iussa
742 1459 912 1523 facessunt.
1138 1475 1191 1524 aaa

224 1555 270 1618 At
293 1555 405 1638 regina
428 1555 518 1618 dolos
543 1553 630 1642 (quis
653 1555 765 1619 fallere
786 1557 892 1638 possit
916 1554 1114 1642 amantem?)
1150 1599 1154 1609 ,

181 1652 360 1736 praesensit
381 1655 553 1735 motusque
577 1653 701 1735 excepit
724 1651 828 1736 prima
849 1653 987 1737 futuros,

182 1750 289 1813 omnia
311 1752 383 1812 tuta
405 1748 531 1813 timens
577 1750 686 1814 eadem
708 1749 808 1833 impia
829 1748 928 1813 Fama
950 1749 1072 1813 furenti

182 1846 297 1910 detulit
320 1845 435 1909 armari
458 1846 592 1910 classem
614 1867 805 1930 cursumque
827 1845 943 1930 parari.

183 1943 284 2008 saevit
305 1942 399 2025 inops
423 1943 522 2008 animi
544 1947 710 2026 totamque
732 1943 861 2007 incensa
882 1965 940 2027 per
962 1943 1075 2008 urbem
1138 1962 1193 2010 300

182 2039 364 2124 bacchatur,
386 2040 490 2122 qualis
514 2041 683 2104 commotis
707 2040 810 2105 excita
834 2040 931 2104 sacris

182 2136 299 2220 thyias,
321 2134 379 2199 uhi
401 2135 511 2199 audito
535 2135 703 2199 stimulant
726 2136 887 2201 trieterica
909 2136 1034 2201 Baccho

183 2232 274 2316 orgia
294 2235 535 2314 nocturnusque
557 2236 651 2295 vocat
675 2233 812 2298 clamore
835 2231 1015 2298 Cithaeron.

226 2328 368 2393 Tandem
389 2327 441 2392 his
463 2326 594 2391 Aenean
617 2331 788 2413 compellat
810 2331 943 2395 vocibus
966 2332 1066 2395 ultro:

183 2427 395 2490 ‘dissimulare
418 2424 516 2488 etiam
539 2427 685 2512 sperasti,
706 2427 835 2513 perfide,
857 2431 985 2492 tantum
1140 2445 1193 2494 305

181 2545 277 2607 posse
298 2522 388 2586 nefas
411 2521 592 2604 tacitusque
614 2545 685 2587 mea
707 2523 853 2588 decedere
876 2524 982 2588 terra?

182 2642 240 2684 nec
262 2624 295 2684 te
316 2622 427 2684 noster
450 2640 539 2682 amor
561 2640 620 2682 nec
642 2623 675 2683 te
697 2621 772 2684 data
795 2621 924 2684 dextera
947 2621 1109 2705 quondam

182 2739 241 2782 nec
262 2717 419 2782 moritura
440 2719 529 2779 tenet
552 2717 671 2780 crudeli
692 2716 804 2781 funere
826 2715 933 2782 Dido?

184 2815 263 2898 quin
285 2814 382 2878 etiam
403 2812 538 2876 hiberno
562 2813 685 2877 moliris
710 2814 812 2878 ridere
834 2815 977 2900 classem,
1000 2875 1002 2886 ,

184 2917 216 2975 et
237 2911 349 2974 mediis
372 2931 525 2993 properas
550 2911 754 2993 aquilonibus
777 2911 824 2974 ire
845 2934 903 2994 per
926 2912 1037 2997 altum,
1142 2933 1194 2980 310

183 3008 340 3072 erudelis?
378 3007 454 3091 quid
478 3007 506 3070 si
527 3028 594 3070 non
617 3029 693 3070 arva
717 3008 820 3071 aliena
843 3009 1018 3092 domosque

183 3107 311 3191 ignotas
334 3108 469 3189 peteres,
492 3104 547 3168 sed
569 3103 666 3168 Troia
689 3105 821 3188 antiqua
844 3111 996 3191 maneret,

183 3203 279 3267 Troia
301 3224 358 3285 per
380 3202 539 3264 undosum
560 3204 723 3284 peteretur
746 3202 903 3266 classibus
926 3204 1066 3286 aequor?

182 3321 274 3364 mene
295 3298 403 3382 fugis?
426 3319 483 3380 per
504 3318 563 3381 ego
581 3297 640 3360 has
658 3297 805 3360 lacrimas
826 3299 1033 3382 dextramque
1051 3304 1144 3364 tuam
1163 3307 1196 3366 te

184 3396 324 3484 (quando
345 3394 431 3457 aliud
448 3393 529 3457 mihi
547 3394 613 3456 iam
630 3394 764 3456 miserae
782 3394 865 3456 nihil
883 3395 953 3477 ipsa
971 3395 1113 3483 reliqui),
1142 3416 1196 3463 315

183 3517 240 3578 per
263 3491 398 3556 conubia
420 3493 541 3574 nostra,
563 3511 620 3572 per
643 3490 787 3570 inceptos
810 3490 1015 3576 hymenaeos,
