2574 3964
374 205 522 260 VERGILI
542 207 753 264 snouulcon
770 209 823 264 1111
1058 212 1100 275 97

88 366 180 431 solus
202 367 420 450 hyperboreas
444 369 561 453 glacies
585 369 780 454 Tanaimque
802 373 942 436 nivalem

88 486 231 547 arvaque
254 463 408 548 Riphaeis
430 487 606 550 numquam
627 468 758 532 viduata
781 469 905 552 pruinis

86 561 253 625 lustrabat
275 565 401 645 raptam
423 562 607 646 Eurydicen
630 569 725 647 atque
747 565 846 628 inrita
867 563 955 629 Ditis

88 660 176 723 dona
195 679 344 742 querens3
363 663 489 742 spretae
504 657 658 724 Ciconum
677 684 740 745 quo
759 683 889 725 munere
907 666 1026 727 matres
1050 679 1122 728 520·

87 758 177 820 inter
202 777 291 822 sacra
315 757 408 820 deum
429 757 643 840 nocturnique
667 759 756 843 orgia
779 757 896 833 Bacchi

88 855 289 936 discerptum
311 855 395 917 latos
418 854 566 918 iuvenem
589 876 732 937 sparsere
755 876 812 937 per
836 875 939 938 agros.

86 956 163 1015 tum
186 971 314 1034 quoque
335 973 513 1014 marmorea
536 955 632 1034 caput
655 973 673 1014 a
696 951 816 1015 cervice
838 951 1000 1015 revulsum

87 1048 223 1133 gurgite
244 1069 318 1111 cum
340 1047 444 1112 medio
467 1051 600 1130 portans
625 1047 779 1132 Oeagrius
802 1046 931 1110 Hebrus

86 1145 249 1230 volveret,
270 1143 453 1227 Eurydicen
477 1166 538 1208 vox
553 1145 631 1227 ‘ipsa
654 1148 687 1207 et
709 1145 826 1228 frigida
848 1144 960 1228 lingua
1050 1160 1102 1209 525

87 1245 121 1306 a!
146 1243 298 1305 miseram
320 1241 503 1324 Eurydicen
526 1243 632 1306 anima
654 1241 798 1326 fugiente
820 1241 970 1327 vocabat,

86 1339 277 1422 Eurydicen
298 1342 370 1402 toto
393 1337 574 1402 referebant
597 1337 728 1402 flumine
750 1338 858 1420 ripae’

135 1435 225 1500 Haec
247 1435 398 1520 ProteuS,
421 1439 454 1498 et
477 1456 511 1498 se
533 1435 620 1499 iactu
643 1436 729 1500 dedit
753 1457 872 1519 aequor
894 1435 929 1500 in
952 1436 1067 1520 altum,

88 1555 220 1618 quaque
243 1533 343 1617 dedit,
366 1535 569 1616 spumantem
592 1532 710 1596 undam
734 1531 793 1596 sub
816 1532 935 1596 vertice
957 1532 1062 1596 torsit.

87 1636 124 1695 at
147 1651 217 1694 non
240 1627 378 1713 Cyrene,
401 1649 540 1711 namque
562 1629 649 1708 ultro
673 1630 781 1693 adfata
803 1629 982 1694 timentem:
1051 1647 1102 1696 535

137 1729 239 1811 ‘nate,
261 1726 336 1790 licet
359 1726 465 1790 tristis
489 1726 595 1789 animo
618 1726 775 1810 deponere
798 1747 898 1790 curas.

86 1826 170 1890 haec
194 1824 298 1888 omnis
321 1822 428 1886 morbi
450 1845 559 1907 causa,
581 1823 657 1887 hinc
678 1823 860 1888 miserabile
882 1823 1058 1907 nymphae,

87 1945 165 1988 cum
189 1919 307 2003 quibus
330 1919 387 1982 illa
410 1918 524 1983 choros
547 1919 628 1983 lucis
652 1919 854 2003 agitabatrin
877 1919 966 2004 altis,

87 2019 229 2084 exitium
250 2017 366 2080 misere
389 2017 512 2100 apibus.
558 2019 595 2080 tu
617 2037 750 2081 munera
773 2017 908 2100 supplex

87 2117 188 2181 tende
209 2116 323 2198 petens
346 2135 456 2196 pacem
479 2117 511 2176 et
534 2113 637 2177 facilis
660 2135 811 2178 venerare
832 2135 983 2198 napaeas3
1018 2135 1019 2138 ¹
1051 2128 1102 2177 535

86 2233 231 2296 namque
254 2210 377 2274 dabunt
399 2211 526 2274 veniam
548 2211 633 2275 votis
656 2211 784 2294 irasque
807 2211 980 2274 remittent.

89 2311 147 2376 sed
169 2308 285 2372 modus
310 2307 422 2371 orandi
446 2307 501 2391 qui
524 2308 581 2392 sit,
603 2307 693 2390 prius
718 2307 827 2371 ordine
851 2307 960 2372 dicam.

88 2409 248 2490 quattuor
271 2404 405 2468 eximios
428 2405 606 2487 praestanti
630 2425 762 2488 corpore
784 2407 909 2489 tauros,

88 2504 148 2588 qui
171 2501 235 2565 tibi
256 2523 342 2564 nunc
363 2501 475 2564 viridis
499 2501 673 2583 depascunt
697 2523 820 2565 summa
843 2499 973 2584 Lycaei,

88 2601 209 2684 delige,
232 2603 265 2662 et
287 2599 409 2662 intacta
431 2598 567 2662 totidem
590 2599 709 2662 cervice
731 2599 888 2661 iuvencas.
1051 2614 1103 2662 540

89 2701 248 2782 quattuor
270 2694 322 2758 his
346 2717 417 2759 aras
442 2695 508 2759 alta
531 2695 570 2758 ad
593 2695 725 2758 delubra
748 2695 877 2758 dearum

89 2793 266 2878 constitue,
289 2796 321 2856 et
345 2814 470 2856 sacrum
492 2792 613 2877 iugulis
637 2793 769 2856 demitte
792 2813 949 2879 cruorem,

89 2911 289 2975 corporaque
311 2889 383 2972 ipsa
404 2889 503 2953 boum
526 2890 679 2954 frondoso
703 2890 811 2953 desere
834 2890 916 2954 luco.

89 2993 167 3074 post
189 2987 246 3050 ubi
268 3008 354 3050 nona
378 3009 452 3050 suos
476 2986 603 3051 Aurora
627 2986 801 3050 ostenderit
826 2990 929 3071 ortus,

88 3084 223 3150 inferias
248 3081 367 3166 Orphei
390 3081 530 3146 Lethaea
554 3105 713 3167 papavera
736 3083 846 3147 mittes
1052 3099 1103 3147 545

89 3188 122 3247 et
144 3183 274 3266 nigram
295 3180 452 3244 mactabis
477 3201 569 3244 ovem
591 3182 762 3264 lucumque
785 3181 917 3244 revises:

89 3281 250 3364 placatam
272 3277 455 3360 Eurydicen
477 3277 581 3340 vitula
604 3277 796 3341 venerabere
819 3277 930 3342 caesa'

133 3376 226 3441 Haut
247 3397 349 3440 mora:
374 3375 526 3439 continuo
551 3375 665 3438 matris
688 3379 857 3458 praecepta
879 3374 1024 3456 facessit,

89 3477 129 3540 ad
153 3473 287 3538 delubra
310 3472 411 3557 venit,
434 3475 631 3535 monstratas
656 3472 774 3536 excitat
799 3493 884 3556 arae,

144 3588 266 3638 Eussnex,
279 3588 366 3637 Vergil.
930 3577 944 3625 7
