2538 3970
374 289 522 344 VERGlLl
540 290 673 344 AENEIS
692 290 756 346 VIII
998 291 1062 356 293

66 470 146 512 arma
168 449 226 514 rub
250 449 382 514 adversa
404 451 514 534 posuit
537 451 695 516 radiantia
718 472 843 536 quercu.

65 544 122 631 ille,
144 545 216 610 deae
240 547 333 611 donis
357 551 389 610 et
412 551 504 612 tanto
528 548 631 612 laetus
654 548 785 632 honore,

65 642 177 725 expleri
197 644 311 727 nequit
335 647 430 727 atque
454 645 563 709 oculos
585 666 643 728 per
665 643 793 730 singula
815 647 917 712 volvit

63 739 253 824 miraturque
275 741 422 824 interque
445 763 559 805 manus
582 745 614 804 et
637 740 784 804 bracchia
805 747 912 805 versat

64 835 230 900 terribilem
254 837 362 902 cristis
386 837 508 922 galeam
532 837 740 920 flammasque
762 837 939 902 minantem
1012 856 1063 905 cao

64 931 281 1016 fatiferumque
305 955 422 1020 ensem,
443 934 576 998 loricam
598 955 637 998 ex
661 955 732 998 aera
751 935 913 1027 rigentem

65 1028 263 1112 sanguineam
285 1029 459 1116 ingentem,
481 1030 586 1113 qualis
608 1052 681 1094 cum
703 1032 829 1096 caerula
850 1033 952 1097 nubes
996 1047 1002 1058 ‘

65 1123 134 1188 solis
156 1104 449 1190 inardeffi
471 1127 630 1212 longeque
652 1128 803 1212 refulget3

64 1225 126 1286 turn
147 1222 227 1287 levis
252 1244 361 1288 ocreas
384 1223 501 1288 electro
525 1246 667 1309 auroque
689 1229 814 1290 recocto

63 1316 244 1404 hastamque
267 1325 299 1384 et
322 1313 416 1404 clipei
436 1342 504 1385 non
526 1321 702 1386 enarrabile
725 1324 795 1387 text
853 1375 859 1387 .
1012 1339 1062 1389 cas

64 1415 122 1480 illic
144 1439 194 1482 res
218 1417 318 1482 Italas
341 1415 624 1502 Romanorumque
646 1418 828 1502 triumphos

63 1511 135 1578 haut
156 1518 270 1579 vatum
292 1516 424 1600 ignarus
447 1515 637 1598 venturique
659 1515 779 1580 inscius
803 1517 873 1580 aevi

64 1609 172 1675 fecerat
194 1609 395 1698 Ignipotens,
416 1610 483 1674 illic
506 1631 605 1695 genus
630 1633 722 1676 omne
744 1613 871 1678 futurae

65 1708 166 1790 stirpis
190 1707 232 1772 ab
255 1708 394 1772 Ascanio
418 1713 623 1794 pugnataque
645 1709 681 1772 in
704 1709 814 1774 ordine
836 1710 928 1774 bella.
1051 1765 1053 1780 .

64 1804 172 1869 fecerat
195 1809 228 1868 et
250 1805 346 1868 viridi
368 1805 467 1870 fetam
489 1805 646 1870 Mavortis
669 1805 704 1868 in
727 1808 820 1869 antro
1011 1826 1062 1875 630

64 1901 264 1982 procubuisse
287 1901 405 1986 lupam,
427 1903 572 1985 geminos
594 1902 669 1966 huic
691 1903 790 1966 ubera
812 1903 932 1967 circum

63 1997 163 2063 ludere
185 1998 354 2083 pendentis
378 2019 494 2081 pueros
518 2003 550 2062 et
572 1999 712 2063 lambere
735 2003 871 2063 matrem

64 2094 244 2180 impavidos,
265 2095 355 2159 illam
377 2095 473 2158 tereti
495 2096 615 2160 cervice
637 2094 754 2160 reflexa

63 2193 193 2257 mulcere
216 2193 357 2256 alternos
380 2195 413 2256 et
435 2213 570 2276 corpora
587 2193 708 2277 fingere
730 2193 849 2277 lingua.

63 2309 114 2353 nec
129 2289 243 2374 procul
255 2289 331 2353 hinc
344 2287 481 2353 Romam
500 2293 532 2352 et
549 2293 659 2372 raptas
679 2290 747 2354 sina
764 2312 853 2354 more
869 2287 1061 2357 Sabinasoas

64 2407 207 2452 consessu
230 2408 342 2452 caveae
364 2387 490 2471 magnis
513 2386 705 2450 circensibus
730 2387 810 2450 actis

64 2485 219 2549 addiderat
243 2484 415 2567 subitoque
437 2505 556 2548 novom
578 2505 769 2568 consurgere
792 2485 912 2548 bellum

63 2579 236 2646 Romulidis
259 2581 416 2664 Tatioque
440 2581 508 2644 seni
531 2578 733 2664 Curibusque
757 2581 883 2645 severis.

63 2683 130 2760 post
151 2679 237 2744 idem
258 2679 344 2742 inter
368 2679 531 2760 seposito
555 2678 726 2742 certamine
749 2698 840 2762 reges

64 2776 172 2840 armati
192 2773 281 2840 Iovis
305 2778 378 2838 ante
402 2796 489 2838 aram
512 2777 701 2857 paterasque
724 2778 870 2840 tenentes
1011 2793 1062 2842 640

64 2873 186 2938 stabant
208 2876 241 2936 et
264 2892 355 2936 caesa
377 2870 555 2955 iungebant
576 2871 705 2935 foedera
726 2893 833 2957 porca,

63 2967 275 3053 Romuleoque
298 2989 407 3033 recens
429 2967 582 3032 horrebat
604 2968 693 3052 regia
716 2967 830 3032 culmo.
1010 2987 1062 3036 654

62 3064 135 3131 haut
152 3065 265 3150 procul
286 3065 360 3129 inde
373 3065 455 3129 citae
468 3063 607 3128 Mettum
624 3064 660 3128 in
678 3064 802 3128 diversa
817 3063 989 3149 quadrigae
1010 3083 1061 3131 642

63 3160 246 3227 distulerant
269 3159 319 3248 (at
342 3166 380 3226 tu
402 3162 505 3248 dietis,
527 3160 662 3247 Albane,
684 3183 828 3226 maneres
836 3162 858 3248 l)

62 3261 265 3344 raptabatque
288 3259 350 3323 viri
372 3259 532 3323 mendacis
555 3259 676 3322 viscera
699 3259 812 3322 'Pullus

63 3376 112 3437 per
133 3359 255 3440 silvam,
277 3359 311 3422 et
334 3357 437 3439 sparsi
459 3355 613 3420 rorabant
637 3356 792 3440 sanguine
815 3377 935 3439 vepres.
1009 3373 1060 3422 645

61 3471 198 3518 necnon
220 3451 432 3536 Tarquinium
456 3453 591 3516 eiectum
613 3451 777 3516 Porsenna
800 3453 932 3516 iubebat

63 3550 192 3634 accipere
214 3549 402 3635 ingentique
425 3549 537 3613 urbem
561 3549 727 3614 obsidione
750 3549 926 3633 premebat:
