2556 3966
373 295 521 353 Venarni
540 297 672 354 AENEIS
691 299 742 354 XII
1000 301 1064 367 389

65 462 257 541 craterasque
280 458 434 543 focosque
456 459 572 523 ferunt.
618 462 703 545 fugit
726 463 795 545 ipse
817 462 952 527 Latinus
1012 480 1064 528 aso

65 555 199 638 pulsatos
223 555 363 618 referens
386 555 504 619 infecto
527 557 654 621 foedere
677 559 776 622 divos.

65 652 216 714 infrenant
239 650 295 714 alii
319 671 431 714 currus
455 657 511 716 aut
534 675 669 738 corpora
692 657 776 719 saltu

66 748 217 812 subiciunt
240 747 276 811 in
298 769 396 831 equos
421 753 453 812 et
476 751 597 814 strictis
622 753 753 816 ensibus
778 754 903 818 adsunt.

65 845 220 928 Messapus
243 865 352 928 regern
374 846 523 930 regisque
545 847 671 932 insigne
694 853 867 935 gerentem,

65 941 254 1024 Tyrrhenum
276 940 441 1028 Aulesteu,
464 944 575 1008 aridus
599 945 791 1010 confundere
810 947 930 1031 foedus,
997 947 1063 1012 ¹aar)

65 1040 185 1104 adverso
208 1042 369 1124 proterret
393 1060 486 1123 equo:
511 1042 577 1104 ruit
601 1042 656 1105 ille
679 1043 826 1107 recedens

65 1141 91 1200 et
111 1137 205 1201 miser
229 1135 387 1219 oppositis
410 1159 429 1199 a
450 1140 543 1222 tergo
566 1139 743 1204 involvitur
766 1141 830 1204 aris

65 1234 94 1296 in
112 1237 206 1316 caput
229 1234 326 1317 inque
348 1255 485 1298 umeros,
532 1239 565 1298 at
587 1236 727 1300 fervidus
752 1239 881 1302 advolat
903 1238 996 1303 hasta

65 1330 220 1414 Messapus
243 1331 372 1414 teloque
395 1335 540 1396 orantem
562 1333 665 1396 multa
687 1334 806 1398 trabali

66 1428 188 1512 desuper
211 1428 296 1491 altus
320 1449 402 1511 equo
426 1429 566 1512 graviter
589 1429 664 1492 ferit
688 1434 785 1514 atque
808 1432 855 1495 ita
877 1432 977 1496 fatur:
1010 1449 1063 1498 aee

66 1525 129 1590 ‘hoc
149 1526 256 1610 habet,
277 1524 356 1589 haec
373 1525 487 1590 melior
509 1526 635 1611 magnis
658 1527 732 1590 data
755 1529 885 1593 victima
909 1530 1010 1594 divis'

66 1626 247 1686 concurrunt
269 1620 345 1685 Itali
368 1621 571 1706 spoliantque
594 1623 730 1688 calentia
754 1626 904 1690 membra.

67 1719 168 1784 obvius
191 1720 375 1784 ambustum
398 1722 518 1783 torrem
542 1717 726 1804 Corynaeus
751 1724 791 1787 ab
816 1747 871 1788 ara

66 1817 187 1900 corripit
210 1820 242 1880 et
264 1816 406 1880 venienti
428 1816 541 1880 Ebuso
565 1818 756 1903 plagamque
779 1822 896 1885 ferenti

67 1918 187 1998 occupat
210 1935 246 1978 os
269 1913 418 1976 flammis:
443 1913 500 1977 olli
522 1914 635 1999 ingens
659 1915 761 1980 barba
784 1919 903 1982 reluxit
1012 1872 1089 2003 300)

66 2012 260 2094 nidoremque
284 2011 432 2074 ambusta
455 2010 548 2075 dedit.
596 2034 691 2095 super
713 2013 782 2097 ipse
807 2021 933 2079 secutus
1080 2022 1082 2033 '

67 2109 225 2172 caesariem
247 2108 338 2172 laeva
359 2107 482 2171 turbati
505 2108 638 2191 corripit
659 2108 763 2174 hostis

67 2205 263 2289 inpressoque
287 2225 370 2288 genu
392 2205 499 2268 nitens
522 2210 626 2269 terrae
650 2207 789 2290 applicat
809 2207 929 2291 ipsum:

68 2303 105 2365 sic
125 2302 227 2388 rigido
250 2302 336 2364 latus
359 2323 432 2364 ense
454 2301 537 2364 ferit.
578 2300 758 2367 Podalirius
781 2303 905 2389 Alsum,

67 2403 216 2480 pastorem
239 2398 405 2482 primaque
428 2398 494 2461 acie
516 2420 574 2482 per
596 2400 661 2462 tela
684 2404 838 2487 ruentem,
1011 2419 1062 2466 305

68 2516 130 2560 ense
151 2517 286 2580 sequens
308 2495 395 2559 nudo
420 2497 675 2578 superimminet:
697 2497 752 2560 ille
776 2499 878 2562 securi

68 2592 179 2658 adversi
201 2595 342 2657 frontem
363 2592 500 2656 mediam
521 2598 729 2678 mentumque
752 2593 882 2659 reducta
1256 2667 1257 2682 χ

68 2690 177 2756 dissicit
200 2695 232 2755 et
255 2713 366 2774 sparso
389 2691 454 2755 late
476 2691 562 2774 rigat
586 2714 674 2754 arma
698 2713 818 2756 cruore.
1256 2685 1257 2780 l

69 2787 115 2851 olli
136 2788 214 2852 dura
237 2788 327 2871 quies
351 2787 459 2851 oculos
482 2791 514 2850 et
536 2787 658 2850 ferreus
682 2793 776 2873 urget
1256 2783 1257 2858 i

70 2904 196 2970 somnus,
218 2885 253 2948 in
275 2889 437 2949 aeternam
459 2884 640 2948 conduntur
661 2884 783 2947 lumina
805 2889 940 2949 noctem.
1012 2904 1065 2951 310
1120 2889 1122 2929 l

104 2984 144 3046 At
166 2984 239 3066 pius
262 2980 386 3046 Aeneas
410 2983 554 3046 dextram
576 2981 728 3044 tendebat
751 2981 904 3044 inermem

69 3080 175 3144 nudato
200 3080 304 3163 capite
326 3084 422 3163 atque
445 3100 520 3142 snos
543 3079 680 3142 clamore
703 3078 851 3142 vocabat:
1256 3151 1257 3164 χ

70 3175 133 3259 ‘quo
156 3177 272 3242 ruitis?
297 3197 416 3260 quaeve
438 3176 502 3240 ista
525 3195 638 3258 repens
658 3175 819 3254 discordia
843 3176 970 3260 surgit?

70 3293 84 3334 o
104 3275 244 3338 cohibete
266 3274 341 3337 iras!
365 3273 466 3337 ictum
488 3273 552 3336 iam
575 3272 686 3336 foedus
709 3275 741 3334 et
765 3293 873 3335 omnes

70 3373 251 3455 compositae
273 3371 373 3455 leges3
396 3370 476 3433 mibi
499 3371 549 3432 ins
573 3389 759 3432 concurrere
778 3369 852 3452 soli3
1012 3386 1063 3434 315

70 3487 110 3530 nie
132 3468 224 3532 sinite
248 3472 344 3550 atque
367 3467 489 3530 auferte
512 3471 630 3550 metus;
654 3486 712 3549 ego
736 3465 864 3530 foedera
887 3467 959 3529 faxo

70 3563 149 3629 firma
170 3588 278 3650 manu3
302 3563 445 3628 Turnum
469 3563 584 3628 debent
607 3563 771 3626 bacciam
794 3563 875 3626 mihi
899 3563 1009 3625 sacra’
