2574 3964
183 205 225 270 96
470 203 623 258 vanarn.
637 198 847 260 caesareos
866 202 919 256 1111

183 371 280 450 atque
302 365 421 430 Ixionii
443 368 540 429 vento
563 369 636 428 rota
659 365 806 428 constitit
830 364 926 428 orbis.

183 464 311 547 iamque
334 463 447 546 pedem
469 462 608 525 referens
632 483 724 525 casus
748 455 892 526 evaserat
915 463 1034 548 omnis,
1147 479 1204 527 485

184 560 371 643 redditaque
393 558 554 642 Eurydice
578 579 709 642 superas
731 557 880 622 veniebat
905 559 944 622 ad
967 581 1060 623 auras

185 678 269 740 pone
288 677 422 740 sequens
442 651 595 741 (namque
612 655 695 719 hanc
713 655 841 718 dederat
854 654 1048 738 Proserpina
1066 654 1203 742 legem),

184 776 257 818 oum
281 753 388 818 subita
410 753 575 816 incautum
598 752 757 816 dementia
780 752 864 835 cepit
888 756 1048 816 amantem

116 839 123 931 5'
184 850 377 936 ignoscenda
401 849 542 934 quidem,
566 849 683 914 scirent
707 849 735 913 si
756 849 922 933 ignoscere
944 871 1067 914 manes:

109 988 113 1016 ;
184 947 306 1012 restitit
328 946 572 1030 Eurydicenque
596 965 688 1010 suam
711 946 776 1010 iam
797 947 867 1011 luce
885 947 951 1010 sub
975 947 1045 1030 ipsa
1145 964 1202 1012 490

184 1045 352 1109 immemor
372 1044 436 1109 heu
458 1044 625 1126 vietusque
649 1043 749 1106 animi
770 1043 919 1126 respexit.
965 1043 1013 1107 ibi
1037 1043 1143 1108 omnis

185 1143 305 1206 effusus
327 1141 419 1207 labor
443 1144 538 1224 atque
561 1140 695 1204 immitis
719 1143 815 1222 rupta
837 1133 968 1221 tyranni

185 1239 313 1303 foedera
335 1243 447 1321 terque
466 1237 575 1322 fragor
597 1236 739 1320 stagnist
763 1235 891 1300 auditus
914 1235 1043 1302 Averni.

184 1338 242 1401 illa
256 1336 340 1419 ‘quis
360 1339 392 1400 et
409 1335 471 1399 mc'
486 1335 592 1418 inquit
608 1334 769 1398 ‘miseram
786 1337 819 1397 et
837 1336 869 1397 te
888 1335 1036 1420 perdidit,
1056 1333 1202 1424 Orpheu,

186 1434 258 1517 quis
281 1436 392 1496 tantus
416 1431 527 1496 furor?
550 1452 591 1494 en
612 1430 729 1494 iterum
752 1429 891 1494 crudelia
913 1435 1001 1495 retro
1145 1451 1200 1498 495

185 1531 253 1594 fate
275 1533 404 1614 vocant,
428 1528 600 1611 conditque
622 1527 769 1591 natantia
790 1527 913 1592 lumina
937 1550 1077 1594 somnus.

185 1629 313 1711 iamque
335 1627 417 1690 vale:
440 1626 526 1690 feror
547 1625 672 1709 ingenti
695 1624 889 1689 circumdata
910 1629 1005 1688 nocte
1040 1665 1042 1670 ·

186 1724 405 1806 invalidasque
428 1722 489 1786 tibi
512 1721 658 1806 tendens,
680 1721 744 1785 heu
765 1742 831 1785 non
854 1704 1071 1808 tuafpalma's
1111 1723 1166 1787 ..’·

187 1822 282 1906 dixit,
306 1824 399 1884 etex
423 1819 523 1884 oculis
548 1818 656 1882 subito
680 1840 737 1882 ceu
759 1820 866 1882 fumus
890 1819 1041 1883 inauras

187 1918 379 1984 commixtus
401 1917 507 1980 tenuis
530 1915 615 2000 fugit
639 1915 776 2000 diversa,
798 1937 901 2000 neque
923 1917 1016 1979 illum
1146 1936 1199 1984 500

186 2019 391 2101 prensantem
412 2014 607 2096 nequiquam
629 2013 760 2076 umbras
784 2017 816 2076 et
838 2013 941 2076 multa
962 2013 1126 2078 volentem

186 2114 289 2176 dicere
312 2111 476 2194 praeterea
498 2109 592 2192 vidit3
615 2130 673 2172 nec
694 2109 835 2192 portitor
859 2107 933 2172 Orci

187 2209 325 2293 amplius
350 2207 507 2271 obiectam
529 2227 643 2289 passus
667 2207 803 2270 transire
826 2206 981 2290 paludem.
1081 2271 1089 2282 ,

187 2308 264 2393 quid
287 2304 426 2369 faceret?
451 2325 514 2386 quo
538 2325 572 2367 se
594 2307 688 2386 rapta
710 2303 760 2366 bis
785 2303 919 2388 coniuge
941 2303 1061 2368 ferret?

187 2427 250 2490 quo
274 2403 352 2466 fletu
374 2401 491 2486 manis,
514 2422 595 2484 quae
616 2400 749 2464 numina
772 2421 848 2463 voce
871 2401 1037 2466 moveret?
1145 2419 1197 2468 505

187 2503 258 2589 [illa
281 2499 413 2584 quidem
433 2495 546 2581 Stygia
568 2497 668 2560 nabat
690 2498 755 2560 iam
777 2497 894 2581 frigida
917 2497 1054 2582 cumba]

187 2603 310 2682 septem
332 2596 426 2660 illurn
447 2598 536 2658 totos
559 2593 730 2678 perhibent
753 2615 791 2656 ex
816 2595 1073 2689 ordinamenses

186 2716 265 2778 rupe
290 2693 348 2757 sub
374 2691 458 2756 atria
481 2691 598 2755 deserti
622 2692 661 2754 ad
684 2689 865 2774 Strymonis
888 2692 1006 2756 undam

186 2795 279 2859 flesse
303 2790 365 2854 sibi
388 2793 420 2853 et
443 2789 557 2873 gelidis
579 2788 657 2852 haec
680 2789 836 2852 evolvisse
859 2790 919 2853 sub
943 2789 1039 2854 astris

186 2888 378 2953 mulcentem
400 2885 495 2970 tigris
518 2887 550 2948 et
574 2889 720 2968 agentem
743 2886 881 2950 carmine
905 2907 1056 2970 quercus3
1146 2906 1195 2953 510

187 2984 292 3068 qualis
315 2984 452 3066 populea
474 3001 618 3046 maerens
641 2981 814 3064 philomela
838 2983 898 3046 sub
921 2983 1035 3048 umbra
1064 2991 1066 2994 ’

158 3073 159 3078 ’
187 3081 323 3146 amissos
348 3079 491 3163 queritur
514 3079 615 3164 fetus,
639 3100 719 3161 quos
743 3079 840 3144 durus
864 3083 971 3144 arator

187 3178 361 3242 observans
383 3176 460 3239 nido
483 3175 636 3259 inplumis
661 3175 811 3260 detraxit3
835 3180 868 3240 11
890 3177 947 3239 illa

186 3273 243 3336 flet
265 3275 392 3334 noctem
414 3292 565 3353 ramoque
589 3271 700 3334 sedens
723 3273 905 3336 miserabile
927 3295 1055 3338 carmen

186 3370 328 3451 integrat
352 3371 384 3430 et
406 3367 537 3430 maestis
560 3369 625 3431 late
647 3369 717 3432 loca
741 3368 908 3451 questibus
932 3369 1052 3453 implet.
1145 3389 1196 3436 515

187 3465 276 3532 nulla
298 3461 421 3548 Venus,
443 3485 508 3526 non
531 3465 590 3528 ulli
614 3465 755 3528 animum
777 3465 892 3528 flexere
913 3464 1091 3549 hymenaci.

757 3685 761 3700 .
873 3693 875 3700 ,
915 3628 1019 3719 napo
