2572 3956
286 215 288 218 ’
343 235 344 238 =
415 203 562 259 VERGlLl
581 205 766 261 EOLOGAV
1055 206 1094 270 13

84 363 163 428 ΜΘ.
191 365 241 428 Tu
264 367 380 452 maior3
403 368 465 430 tibi
487 389 538 431 me
562 373 611 432 est
635 391 743 432 aecum
765 391 891 454 parcre,
913 368 1086 453 Menalca,³

84 462 150 526 sive
175 463 235 528 sub
259 464 397 528 incertas
421 464 568 548 zephyris
591 466 791 529 motantibus
814 466 959 551 umbras,
1079 484 1093 530 s

83 559 149 621 sive
174 563 268 623 antro
291 561 400 644 potius
425 562 629 626 succedimus,
676 563 794 647 aspice,
816 567 853 626 ut
876 567 1005 626 antrum
1068 617 1069 621 ,

83 653 243 720 silvestris
266 657 348 720 raris
372 659 490 741 sparsit
514 659 662 722 labrusca
684 660 826 723 racemis,

83 753 164 816 ME.
194 753 361 818 Montibus
384 755 419 818 in
440 757 562 820 nostris
587 757 674 820 solus
698 755 759 819 tibi
783 760 884 819 certat
904 754 1071 840 Amyntas.

83 850 163 915 ΜΟ.
189 851 281 937 Quid,
305 853 332 915 si
355 853 438 916 idem
461 857 561 917 certet
579 852 746 916 Phoebum
764 875 913 936 superare
932 853 1093 916 canendo?

83 941 165 1012 ME.
193 948 311 1035 Incipe,
324 949 446 1035 Mopse,
459 950 557 1035 prior,
577 950 687 1032 siquos
703 953 759 1014 aut
772 949 930 1033 Phyllidis
944 950 1035 1034 ignes
1062 967 1094 1015 10

83 1051 139 1108 aut
162 1043 296 1110 Alconis
319 1047 417 1141 habes
440 1047 550 1110 laudes
575 1052 630 1110 aut
653 1048 759 1131 iurgia
783 1046 886 1110 Oodri.

82 1143 201 1227 incipe,
224 1144 384 1226 pascentis
408 1144 549 1208 servabit
572 1144 705 1227 Tityrus
728 1143 855 1206 haedos.

84 1241 163 1305 ΜΟ.
191 1239 293 1304 lmmo
316 1241 408 1326 hacc,
429 1241 464 1304 in
486 1240 581 1304 viridi
604 1263 707 1324 nuper
731 1262 811 1323 quae
834 1240 951 1304 cortice
973 1240 1041 1324 fagi

83 1336 225 1399 carmina
247 1337 400 1419 descripsi
423 1341 456 1400 et
478 1338 648 1402 modulans
672 1339 795 1400 11111111
817 1339 942 1423 notavi,

84 1433 237 1516 experiar
283 1436 320 1496 tu
343 1435 454 1498 deinde
476 1435 649 1501 iubetot
612 1439 649 1498 ut
672 1439 772 1498 certet
794 1435 916 1517 Amynt
919 1457 962 1498 as.
1062 1454 1092 1500 15

84 1529 164 1592 ΜΕ.
192 1529 296 1593 Lenta
319 1531 401 1594 salix
425 1535 581 1615 quantum
592 1531 738 1620 pallenti
711 1531 844 1594 tcedit
867 1531 983 1617 olivae,

82 1626 227 1707 puniceis
249 1627 381 1690 humilis
405 1633 505 1712 quant
507 1652 562 1692 um
586 1629 728 1692 saliunca
750 1611 884 1713 1111111,

80 1723 201 1786 iudicio
224 1728 418 1788 nostrotan
379 1729 489 1788 antum
511 1726 573 1789 tibi
597 1726 680 1789 cedit
703 1723 825 1833 Amynt
827 1747 870 1788 11.

128 1821 220 1884 sedt
206 1825 244 1886 tu
266 1821 374 1885 desine
396 1822 503 1906 plura,
525 1845 618 1908 puer3
642 1821 852 1886 successimus
876 1825 977 1885 antro.

37 1944 54 1976 α
87 1917 165 1982 ΜΟ.
193 1917 384 1982 Extinctum
405 1918 565 2001 nymphae
588 1919 708 1984 crudeli
729 1919 840 1982 funere
863 1917 1026 2000 Daphnim
1060 1939 1092 1984 11

84 2015 204 2078 flebant
228 2013 305 2100 (vos
324 2016 424 2098 coryli
447 2019 546 2080 testes
571 2021 602 2080 11
625 2017 758 2080 fiumina
780 2015 960 2103 nymphis),

39 2140 55 2173 α
86 2133 157 2175 cum
180 2112 345 2194 complexa
368 2113 418 2176 sui
441 2134 556 2196 corpus
579 2113 760 2176 miserabile
782 2114 866 2198 nati,

85 2213 180 2293 atque
203 2209 279 2272 deos
303 2213 399 2293 atque
422 2213 509 2273 astra
531 2214 625 2274 vocat
648 2210 786 2273 crudelia
808 2215 911 2274 mater

40 2305 56 2380 β
87 2304 162 2370 Non
184 2307 244 2369 ulli
265 2311 376 2389 pastos
399 2307 465 2370 illis
490 2329 582 2390 egere
605 2307 716 2370 diebus

85 2403 210 2488 frigida,
219 2402 359 2489 Daphni,
373 2404 471 2468 boves
486 2405 525 2467 ad
538 2403 685 2486 flumina3
698 2403 788 2466 nulla
801 2424 905 2486 neque
920 2426 1044 2467 amnem
1060 2422 1092 2469 as

85 2500 198 2564 libavit
222 2501 416 2586 quadrupes,
437 2523 496 2564 nec
519 2500 673 2584 graminis
698 2499 809 2583 attigit
831 2499 972 2564 herbam.

85 2595 230 2682 Daphni,
251 2601 345 2660 tuum
367 2597 491 2662 Poenos
514 2598 611 2662 etiam
634 2597 829 2680 ingemuisse
851 2597 959 2660 leones

85 2695 252 2758 interitum
273 2699 462 2778 montesque
484 2693 544 2758 1111
568 2696 731 2776 silvaeque
752 2693 910 2757 locuntur.

43 2813 57 2866 γ
85 2789 230 2874 Daphnis
255 2795 287 2854 11
308 2790 477 2854 Armenias
501 2814 595 2855 curru
619 2790 811 2874 subiungere
833 2790 928 2874 tigris

86 2889 242 2973 instituit,
264 2887 410 2970 Daphnis
434 2888 556 2952 thiasos
579 2889 728 2952 inducere
753 2887 869 2951 Bacchi
1059 2907 1092 2954 30

86 2991 116 3050 11
137 2985 225 3050 foliis
249 2985 353 3049 lentas
376 2985 518 3048 intexere
539 2985 692 3049 mollibus
717 2986 836 3048 hastae.
1114 2993 1116 3000 ’

85 3084 159 3146 vitis
182 3087 220 3146 ut
244 3083 412 3146 arboribus
436 3082 540 3146 decori
564 3086 626 3166 est,
649 3086 686 3145 ut
709 3082 832 3146 vitibus
855 3104 949 3166 uvae,

86 3183 121 3242 ut
143 3179 295 3263 gregibus
319 3178 418 3263 tauri,
441 3182 563 3262 segetes
586 3183 623 3241 ut
646 3179 821 3262 pinguibus
846 3178 946 3241 arvis:

87 3281 122 3338 tu
143 3275 238 3340 decus
262 3297 354 3339 omne
377 3275 452 3338 tuis.
489 3279 661 3359 postquam
684 3279 717 3338 te
739 3276 806 3338 1111
822 3275 986 3359 tulerunt,
1076 3253 1081 3330 ᾗ

88 3373 154 3454 ipsa
175 3371 268 3436 Pales
292 3394 386 3458 agros
411 3376 506 3455 atque
528 3372 597 3454 ipse
620 3371 751 3454 reliquit
774 3370 900 3454 Apollo.
1059 3386 1092 3434 35

45 3473 59 3529 1
91 3469 226 3534 Grandia
249 3493 342 3553 saepe
366 3470 482 3553 quibus
503 3468 725 3532 'mandavimus
748 3468 868 3531 hordea
892 3467 1001 3550 sulcis,
1032 3515 1034 3524 ,

1143 525 1197 592 ‘lc
