2556 3966
392 239 538 294 VERGILI
556 237 687 294 anums
706 239 744 294 x1
1005 240 1070 307 367.

67 405 99 465 ut
120 401 223 465 bivias
247 403 371 465 armato
395 401 539 465 obsidam
561 401 665 464 milite
687 401 802 466 fauces.

67 505 99 563 tu
121 498 321 582 Tynhcnum
344 498 484 581 equitem
507 497 642 562 conlatis
666 498 774 581 excipe
798 497 913 584 signis;

68 601 165 660 tecum
188 617 259 660 acer
281 593 449 678 Messapus
472 595 534 658 erit
555 598 742 678 turmaeque
766 593 899 660 Latinae

68 693 251 776 Tiburtique
273 714 397 776 manus,
420 691 508 756 ducis
532 695 564 755 et
586 696 623 754 tu
646 691 776 774 concipe
799 692 928 756 curam’

69 791 109 854 sic
130 790 184 875 ait,
206 795 239 853 ct
261 789 394 872 paribus
417 788 601 872 Messapum
623 788 659 851 in
680 787 803 870 proelia
825 787 919 853 dictis
1018 807 1068 856 520

68 888 209 952 hortatur
232 885 400 969 sociosque
422 885 516 949 duces
540 888 572 948 et
595 884 701 968 pergit
724 883 759 948 in
781 883 916 950 hostem.

69 989 111 1048 est
133 1005 228 1048 curvo
253 983 397 1046 anfractu
420 982 529 1068 valles,
551 981 756 1046 adcommoda
779 981 883 1046 fraudi

70 1101 285 1163 armorumque
307 1079 399 1164 dolis,
423 1101 517 1163 quam
540 1078 646 1142 densis
669 1077 837 1142 frondibus
861 1083 967 1144 atrum

70 1183 153 1264 urget
175 1177 339 1261 utrimque
360 1176 456 1262 latus,
477 1175 584 1240 tenuis
609 1196 672 1258 quo
697 1175 811 1240 semita
834 1175 921 1240 ducit

70 1279 278 1361 angustaeque
299 1274 407 1338 ferunt
429 1273 536 1336 fauces
560 1272 729 1356 aditusque
752 1273 892 1358 maligni.
1016 1291 1067 1340 ces

69 1373 142 1436 banc
164 1394 259 1456 super
281 1354 476 1455 in'speoulis
500 1391 688 1452 summoque
711 1371 746 1434 in
768 1370 886 1434 vertice
909 1372 1030 1436 montis

70 1471 209 1553 planities
233 1469 346 1554 ignota
368 1467 450 1532 iacet
473 1465 601 1549 tutique
623 1471 778 1553 receptus,

71 1591 120 1640 seu
140 1568 250 1631 dextra
273 1566 425 1648 laevaque
447 1563 527 1628 velis
551 1584 714 1628 occurrere
737 1585 872 1650 pugnae,

72 1664 129 1727 sive
149 1664 270 1726 instare
292 1661 378 1746 iugis
401 1665 433 1726 et
456 1660 590 1744 grandia
613 1662 740 1725 volvere
763 1683 847 1726 saxa.

70 1759 125 1824 huc
144 1759 268 1823 iuvenis
290 1762 368 1821 nota
390 1757 493 1820 fertur
515 1757 646 1841 regione
668 1759 794 1824 viarum
1017 1775 1067 1827 teo

72 1857 259 1940 arripuitque
281 1855 388 1918 locum
410 1857 442 1917 et
465 1853 555 1917 silvis
578 1854 696 1918 insedit
719 1855 847 1939 iniquis.
917 1925 923 1939 ,

108 1953 255 2018 Velocem
276 1951 399 2014 interea
422 1950 546 2032 superis
569 1951 755 2016 insedibus
779 1951 883 2038 Opim,

71 2073 156 2114 unam
178 2071 217 2114 ex
239 2047 421 2132 virginibus
445 2047 539 2111 sociis
563 2069 715 2132 sacraque
738 2053 873 2134 caterva,

71 2146 271 2231 compellabat
294 2149 326 2208 et
348 2144 408 2208 hes
429 2145 535 2208 tristis
558 2143 695 2210 Latonia
718 2167 810 2209 voces

72 2243 245 2306 credebat:
269 2239 427 2324 ‘graditur
450 2239 570 2304 bellum
593 2242 633 2305 ad
655 2242 780 2307 crudele
803 2241 947 2329 Camilla,
1016 2263 1066 2312 ece

73 2340 202 2425 ovirgo,
224 2341 257 2402 et
279 2337 401 2402 nostris
424 2338 619 2422 nequiquam
642 2339 782 2424 cingitur
802 2341 908 2426 armis,

71 2458 133 2500 cara
153 2436 233 2500 mihi
251 2438 325 2498 ante
344 2434 444 2498 alias'
480 2433 617 2522 *(neque
635 2437 721 2500 enim
738 2459 841 2502 novos
859 2438 921 2502 iste
942 2437 1065 2504 Dianae

71 2535 146 2597 venit
168 2555 257 2598 amor
281 2532 451 2614 subitaque
474 2533 616 2596 animum
639 2534 803 2598 dulcedine
822 2536 932 2600 movit.

71 2633 169 2712 pulsus
193 2630 235 2694 ob
258 2629 412 2693 invidiam
434 2649 533 2713 regno
556 2630 703 2712 viresque
727 2633 881 2714 superbas

71 2725 210 2792 Priverno
235 2727 368 2809 antiqua
391 2725 540 2789 Metabus
563 2747 641 2790 cum
658 2729 820 2792 excederet
844 2729 933 2814 urbe,
1016 2745 1066 2795 cto

71 2825 212 2889 infantem
234 2823 360 2908 fugiens
380 2823 483 2886 media
507 2822 592 2886 inter
614 2825 736 2906 proelia
759 2825 836 2890 belli

73 2922 190 2986 sustulit
213 2921 309 2985 exilio
333 2920 481 2984 comitem
503 2919 680 3003 matrisque
704 2922 831 2986 vocavit

71 3019 185 3082 nomine
208 3016 378 3082 Casmillae
401 3019 526 3080 mutata
549 3022 640 3100 parte
664 3016 840 3082 Camillam.

72 3113 128 3196 ipse
149 3117 221 3180 sinn
243 3137 320 3198 prae
343 3136 377 3178 se
399 3117 533 3196 portans
557 3115 633 3198 iuga
656 3114 753 3198 longa
776 3115 907 3198 petebat

73 3212 199 3276 solorum
221 3233 401 3276 nemorum:
425 3211 490 3274 tela
513 3211 654 3293 undique
678 3232 771 3274 saeva
793 3210 981 3294 premebant
1014 3227 1064 3276 ote

72 3311 98 3371 et
116 3310 302 3374 circumfuso
326 3307 507 3373 volitabant
530 3307 633 3372 milite
656 3305 776 3372 Volsci.

72 3426 128 3470 ecce
148 3409 242 3493 fugae
266 3406 369 3470 medio
394 3406 527 3468 summis
551 3405 730 3469 Amasenus
754 3405 919 3469 abundans

71 3504 227 3584 spumabat
251 3503 345 3586 ripis:
370 3506 479 3565 tantus
504 3523 538 3566 se
560 3500 701 3565 nubibus
725 3502 827 3566 imber
