2576 3970
188 220 254 284 244
518 220 666 274 Veserm
685 221 816 276 AENEIS
836 223 876 276 VI

189 385 221 445 et
242 385 334 465 pater
357 383 426 465 ipse
449 404 507 447 suo
533 403 684 465 superum
707 382 771 445 iam
795 383 902 467 signat
924 382 1067 448 honore?
1142 401 1190 450 780

189 501 228 542 en
250 478 356 563 huius,
378 483 462 564 nate,
485 478 634 562 auspiciis
658 479 715 542 illa
737 479 858 542 incluta
881 478 984 543 Roma

188 575 359 658 imperium
382 575 487 661 terris,
511 576 634 639 animos
660 576 809 658 aequabit
833 575 969 660 Olympo

189 676 374 758 septemque
396 694 461 736 una
484 673 547 736 sibi
569 695 661 737 muro
685 664 903 737 circumdabit
919 695 1017 762 arces,

165 770 265 865 'felix
288 770 379 852 prole
400 770 518 834 virum:
543 769 647 853 qualis
670 769 860 852 Berecyntia
882 774 985 834 mater

188 867 352 930 invehitur
374 889 469 931 curru
490 865 648 952 Phrygias
672 868 790 930 turrita
812 890 869 951 per
891 868 997 954 urbes,
1143 885 1189 933 css

107 947 114 1028 J
188 965 273 1028 laeta
297 965 391 1028 deum
413 968 519 1051 partu,
542 967 669 1050 cenhnn
692 963 857 1046 complexa
878 969 1023 1060 nepotes)

159 1133 162 1148 ยน
190 1060 292 1124 omnis
316 1059 491 1146 caelicolas,
514 1061 618 1125 omnis
642 1082 737 1144 super
760 1061 826 1124 alta
848 1063 997 1126 tenentis.

188 1157 252 1222 huc
273 1158 417 1243 geminas
440 1179 525 1221 nunc
548 1157 640 1221 flecte
664 1159 756 1243 acies,
777 1157 861 1222 hanc
884 1159 989 1242 aspice
1012 1163 1139 1245 gentem

188 1254 415 1338 Romanosque
438 1258 520 1318 tuos.
565 1254 619 1318 hic
642 1249 759 1316 Caesar
784 1257 816 1317 et
839 1255 943 1320 omnis
966 1255 1030 1319 Iuli

188 1353 367 1437 progenies,
390 1372 542 1435 magnum
564 1351 643 1415 caeli
665 1355 800 1415 ventura
823 1352 882 1416 sub
907 1374 1005 1416 axem.
1144 1371 1189 1420 rec

188 1449 242 1513 hic
263 1449 323 1534 vir,
344 1448 397 1512 hic
420 1452 478 1534 est,
502 1447 562 1510 tibi
586 1470 680 1532 quem
703 1449 851 1532 promitti
874 1451 1001 1533 saepius
1025 1451 1130 1536 audis,

189 1545 357 1630 Augustus
382 1543 507 1630 Caesar,
531 1546 596 1608 divi
619 1567 730 1630 genus,
753 1567 849 1610 aurea
871 1548 985 1610 condet

191 1644 316 1707 saecula
339 1643 395 1726 qui
418 1663 530 1704 rursus
554 1640 648 1706 Latio
672 1647 805 1726 regnata
827 1665 884 1726 per
907 1665 983 1707 arva

192 1739 329 1804 Saturno
354 1739 523 1822 quondam,
542 1760 638 1822 super
661 1742 694 1802 et
717 1737 927 1802 Garamantas
951 1743 983 1804 et
1004 1740 1102 1805 Indos

191 1838 332 1922 proferet
353 1837 522 1919 imperium
545 1833 641 1922 (iacet
665 1840 755 1899 extra
779 1837 881 1900 sidera
903 1837 1009 1923 tellus,
1144 1855 1187 1904 ree

192 1939 282 1998 extra
305 1933 380 1996 anni
404 1932 546 2015 solisque
568 1931 647 2017 vias,
670 1932 727 1995 ubi
750 1934 877 1997 caelifer
899 1933 1014 1998 Atlans

192 2053 282 2094 axem
304 2051 414 2093 umero
438 2033 569 2112 torquet
592 2030 695 2092 stellis
719 2030 904 2093 ardentibus
929 2028 1063 2117 aptum).

190 2128 287 2192 huius
310 2127 345 2190 in
369 2127 539 2190 adventum
563 2127 627 2190 iam
649 2149 734 2191 nunc
757 2130 789 2190 et
813 2125 930 2211 Caspia
952 2149 1051 2212 regna

190 2225 353 2308 responsis
376 2222 511 2287 horrent
534 2224 642 2287 divom
665 2228 696 2287 et
719 2223 859 2286 Maeotia
882 2223 978 2287 tellus

192 2327 224 2387 et
248 2321 490 2406 septemgemini
512 2321 646 2384 turbant
670 2319 794 2404 trepida
818 2320 901 2383 ostia
924 2317 1000 2384 Nili.
1143 2337 1187 2384 sec

190 2442 248 2484 nec
270 2439 346 2483 vero
369 2416 497 2482 Alcides
520 2421 648 2481 tanturn
671 2417 798 2482 telluris
822 2417 941 2502 obivit,

190 2518 297 2582 fixerit
321 2515 499 2598 aeripedem
522 2535 648 2580 cervam
670 2514 745 2578 licet
769 2519 824 2578 aut
845 2513 1039 2597 Erymanthi

191 2615 313 2698 pacarit
335 2632 467 2676 nemora
490 2614 521 2674 et
544 2608 681 2675 Lernam
703 2612 916 2676 tremefecerit
941 2633 1025 2697 arcu,

190 2735 249 2776 nec
272 2711 328 2795 qui
350 2708 529 2794 pampineis
553 2709 656 2772 victor
678 2709 755 2793 iuga
777 2709 880 2772 flectit
902 2709 1036 2773 habenis

191 2807 297 2892 Liber,
320 2827 418 2892 agens
442 2805 527 2869 celso
550 2803 659 2887 Nysae
683 2806 720 2868 de
743 2807 860 2868 vertice
884 2807 986 2890 tigris.
1144 2823 1186 2872 805

192 2911 223 2970 et
246 2904 430 2968 dubitamus
454 2903 556 2966 adhuc
579 2903 699 2966 virtute
722 2903 891 2966 extendere
913 2903 1017 2987 vires,

192 3007 248 3066 aut
270 3004 375 3065 metus
398 2997 542 3064 Ausonia
564 2999 715 3083 prohibet
738 3000 912 3064 consistere
934 3001 1042 3064 terra?

191 3100 265 3162 illae
289 3101 406 3181 autern,
429 3097 561 3179 paribus
586 3117 665 3179 quas
689 3096 812 3181 fulgere
835 3098 936 3162 cernis
959 3098 995 3160 in
1017 3098 1185 3185 armiS,sre

192 3193 362 3259 concordes
386 3193 510 3256 animae
532 3215 618 3256 nunc
641 3197 672 3256 et
695 3195 771 3256 dum
793 3199 887 3258 noete
910 3200 1110 3282 premuntur,

190 3291 255 3355 heu
279 3293 434 3374 quantum
458 3290 542 3354 inter
565 3312 599 3354 se
621 3290 751 3375 bellum,
775 3289 802 3352 si
825 3289 947 3354 lumina
970 3290 1056 3356 vitae

192 3387 370 3472 attigerint,
393 3390 529 3468 quantas
554 3387 635 3450 acies
660 3392 864 3472 stragemque
887 3387 1026 3474 ciebunt,

192 3483 363 3570 aggeribus
388 3503 477 3547 socer
501 3483 628 3567 Alpinis
653 3495 748 3568 atque
772 3505 842 3548 arce
865 3483 1013 3549 Monoeci
1144 3502 1186 3550 ese
