2576 3970
205 253 269 318 238
518 251 668 307 VERGILl
686 251 817 307 AENEIS
836 251 872 307 Vl

205 437 347 500 corpora,
370 415 427 499 qui
449 416 597 479 manibus
620 434 773 498 magnum
797 415 973 479 rescindere
996 415 1115 478 caelum

206 513 348 596 adgressi
372 512 560 597 superisque
582 510 693 576 Iovem
715 511 881 575 detrudere
903 511 1020 595 regnis.

206 607 271 670 vidi
294 611 326 670 et
349 606 485 670 crudelis
509 607 637 670 dantem
661 605 829 672 Salmonea
851 628 980 693 poenas,
1157 623 1200 672 000

206 703 314 788 *[dum
338 703 500 768 flammam
521 702 608 768 Iovis
632 708 665 767 et
689 706 814 770 sonitus
837 705 984 769 imitatur
1009 704 1155 788 Olympi]

207 805 360 884 quattuor
382 801 435 866 hic
457 803 603 866 invectus
626 802 718 885 equis
741 805 774 865 et
796 802 944 884 lampada
968 823 1122 885 quassans

206 919 263 981 per
287 897 419 963 Graium
441 898 580 982 populos
602 899 786 982 mediaeque
808 919 866 980 per
888 898 993 962 Elidis
1016 899 1127 968 urbem

206 995 275 1060 ibat
299 1017 397 1060 ovans
421 996 591 1080 divomque
614 996 677 1060 sibi
701 995 854 1079 poscebat
875 995 1040 1081 honorem,

207 1092 345 1179 demens,
368 1093 424 1176 qui
445 1093 574 1156 nimbos
597 1097 629 1156 et
651 1115 718 1157 non
740 1092 899 1156 imitabile
921 1093 1046 1157 fulmen
1158 1109 1201 1157 000
1275 1135 1276 1178 ,

208 1212 278 1254 aere
301 1194 333 1254 et
356 1190 562 1273 cornipedum
584 1190 681 1274 pulsu
705 1189 871 1253 simularet
894 1211 1058 1272 equorum.
1275 1193 1276 1200 ’

208 1291 241 1351 at
263 1291 355 1371 pater
378 1288 580 1370 omnipotens
604 1287 701 1350 densa
723 1286 808 1350 inter
830 1287 942 1350 nubila
965 1288 1067 1350 telum

208 1384 375 1470 contorsit,
396 1405 463 1447 non
485 1384 539 1447 ille
562 1384 646 1448 faces
669 1404 728 1447 neo
750 1382 856 1446 fumea
879 1383 982 1447 taedis

207 1481 338 1567 lumina,
360 1480 630 1565 praecipitemque
652 1478 784 1542 immani
807 1479 937 1544 turbine
961 1479 1076 1564 adegit.

207 1599 353 1642 necnon
375 1582 407 1641 et
430 1576 559 1662 Tityon,
581 1576 697 1640 Terrae
721 1575 951 1658 omniparentis
975 1577 1147 1662 alumnum,
1158 1593 1201 1640 005

209 1697 334 1738 cernere
357 1679 435 1759 erat,
457 1697 514 1758 per
536 1679 608 1738 tota
629 1695 746 1738 novem
768 1673 820 1736 cui
842 1673 954 1758 iugera
976 1695 1092 1757 corpus

208 1771 395 1857 porrigitur,
417 1775 587 1854 rostroque
609 1770 758 1834 immanis
781 1770 891 1833 voltur
914 1771 1039 1835 obunco

208 1868 388 1932 immortale
411 1868 497 1931 iecur
520 1867 655 1931 tondens
678 1866 875 1949 fecundaque
898 1867 1010 1950 poenis

208 1965 330 2030 viscera
352 1965 550 2048 rimaturque
574 1964 676 2048 epulis
699 1963 891 2048 habitatque
914 1964 974 2028 sub
999 1965 1065 2029 alto

208 2067 346 2148 pectore,
366 2083 425 2125 nee
446 2061 537 2125 fibris
560 2061 686 2141 requies
710 2060 804 2124 datur
827 2060 894 2124 ulla
916 2061 1046 2126 renatis.
1158 2078 1202 2126 000

210 2160 302 2246 [quid
323 2179 496 2222 memorem
518 2157 683 2243 Lapithae,
706 2157 819 2222 Ixiona
841 2155 1122 2247 Pirithoumquell

479 2281 495 2315 *
629 2281 646 2315 *
696 2311 699 2318 Δ
780 2281 796 2315 *
930 2282 947 2316 *

210 2376 273 2439 quo
297 2375 393 2436 super
416 2355 486 2415 atra
509 2352 588 2415 silex
611 2352 676 2416 iam
698 2353 763 2416 iam
785 2353 915 2436 lapsura
938 2353 1125 2437 cadentique

208 2451 355 2516 imminet
378 2448 546 2532 adsimilis3
569 2448 677 2512 lucent
701 2449 881 2534 genialibus
905 2450 980 2514 altis

210 2569 305 2612 aurea
326 2545 428 2610 fulcra
450 2544 540 2629 toris,
563 2545 737 2630 epulaeque
761 2549 836 2610 ante
859 2567 916 2610 ora
938 2551 1069 2631 paratae

209 2643 339 2729 regifico
362 2641 453 2726 luxu3
477 2641 633 2704 furiarum
655 2645 793 2706 maxima
816 2644 908 2707 iuxta
1161 2659 1202 2711 000

210 2740 342 2806 accubat
365 2743 397 2802 et
419 2738 568 2802 manibus
590 2738 743 2821 prohibet
765 2741 950 2826 contingere
972 2763 1099 2805 mensas

210 2837 417 2922 exsurgitque
440 2837 541 2899 facem
565 2836 716 2899 attollens
735 2841 832 2920 atque
854 2838 983 2902 intonat
1007 2859 1069 2902 ore.

209 2935 262 2998 hic
285 2933 402 3017 quibus
425 2933 522 2996 invisi
545 2933 670 3018 fratres,
693 2933 769 2996 dum
791 2935 859 2998 vita
881 2935 1041 3019 manebat,

210 3031 396 3114 pulsatusve
418 3050 532 3111 parens
557 3033 612 3092 aut
634 3029 722 3093 fraus
746 3029 861 3094 innexa
884 3032 1003 3117 clienti,

211 3130 266 3188 aut
290 3125 345 3208 qui
367 3125 489 3189 divitiis
513 3125 574 3189 soli
597 3125 768 3191 incubuere
791 3129 925 3211 repertis
1160 3144 1204 3193 010

209 3244 268 3285 nec
290 3227 415 3305 partem
437 3243 572 3304 posuere
595 3223 662 3285 suis
685 3221 781 3309 (quae
803 3225 942 3289 maxima
964 3227 1062 3291 turba
1085 3224 1155 3313 est),

212 3319 330 3403 quique
353 3320 394 3383 ob
419 3319 612 3383 adulterium
634 3321 726 3407 caesi,
749 3321 867 3405 quique
891 3345 978 3386 arma
1001 3324 1102 3387 secuti

211 3417 310 3500 impia
332 3439 390 3481 nec
412 3416 507 3482 veriti
530 3417 731 3482 dominorum
754 3419 863 3483 fallere
886 3420 1024 3505 dextras,

211 3514 327 3578 inclusi
349 3536 485 3598 poenam
508 3519 684 3598 expectant.
730 3538 769 3580 ne
794 3538 909 3600 quaere
931 3517 1037 3582 doceri
