2538 3970
218 283 285 350 294
532 279 680 334 vafrem
697 279 828 334 AENEIS
844 279 908 333 vm

218 444 385 509 Aeneadae
407 443 443 507 in
463 443 585 506 ferrum
607 463 665 524 pro
688 441 838 506 libertate
861 439 1005 504 ruebant.

219 542 312 606 illum
333 539 515 624 indignanti
538 538 675 602 similem
698 538 897 620 similemque
918 536 1056 600 minanti

88 703 90 708 .
220 638 386 722 aspiceres,
407 639 539 720 pontem
562 635 691 698 auderet
714 635 789 718 quia
810 634 927 698 vellere
950 631 1062 698 Cocles
1171 651 1216 699 666

220 739 253 800 61
275 735 408 799 fluvium
429 733 543 798 1166116
566 733 693 796 innaret
715 728 836 796 Oloelia
858 731 973 815 ruptis.

219 831 255 895 in
277 852 401 895 summo
424 834 533 894 custos
556 829 710 912 Tarpeiae
732 826 873 892 Manlius
897 828 977 891 arcis

220 927 327 991 stabat
349 949 408 1010 pro
431 927 552 1009 templo
576 929 608 989 et
632 923 791 1009 Capitolia
814 926 898 989 celsa
921 925 1062 1012 tenebat,
1172 941 1214 990 666

220 1027 317 1108 atque
337 1023 391 1088 hie
413 1025 534 1088 auratis
558 1023 697 1088 volitans
721 1027 891 1106 argenteus
915 1043 1008 1086 anser
1172 1039 1214 1087 666

219 1120 398 1204 6611161166
422 1118 533 1186 Gallos
555 1121 591 1184 in
612 1119 724 1184 limine
746 1119 856 1183 616666
879 1119 1022 1184 canebat.

221 1215 307 1282 Galli
328 1240 385 1301 per
408 1217 521 1281 dumos
545 1217 676 1280 aderant
699 1237 865 1300 arcemque
887 1215 1051 1302 tenebant,

193 1315 342 1431 ,defensi
364 1315 505 1379 tenebris
533 1318 565 1378 61
588 1314 671 1378 1666
694 1313 800 1377 1166116
824 1305 952 1395 opacae:

118 1425 149 1482 ‘a
192 1448 195 1469 ι
220 1433 315 1476 66166
338 1411 491 1476 666661166
515 1410 589 1474 ollis
612 1413 709 1494 atque
732 1431 826 1474 66166
849 1411 958 1495 166116,

181 1498 196 1515 ”
220 1509 354 1594 virgatis
377 1509 485 1572 lucent
509 1508 639 1592 sagulis,
662 1511 732 1570 tum
754 1508 857 1571 lactea
879 1507 961 1570 oolla
1170 1523 1213 1572 666

220 1627 298 1669 6616
321 1606 536 1690 16666166161,
558 1604 620 1668 166
645 1604 779 1688 quisque
802 1602 921 1686 Alpina
943 1607 1112 1670 coruscant

220 1724 316 1787 gaesa
337 1725 445 1787 manu,
468 1701 567 1766 scutis
591 1701 728 1784 protecti
751 1722 885 1783 corpora
906 1701 1023 1785 longis.

219 1799 273 1864 1116
295 1799 469 1863 6161166116
493 1799 591 1862 salios
613 1797 780 1881 nudosque
802 1798 948 1881 lupercos

220 1896 444 1980 lanigerosque
467 1896 571 1979 apices
595 1895 739 1978 etlapsa
763 1894 877 1958 ancilia
899 1895 985 1959 66616
1109 1897 1115 1910 “

221 1993 397 2076 6111616161,
419 1997 525 2056 666166
548 1991 706 2055 ducebant
729 2013 818 2055 sacra
839 2014 896 2076 per
919 1991 1033 2056 urbem
1168 2009 1208 2057 666

220 2089 350 2172 pilentis
373 2093 492 2152 matres
514 2088 550 2151 in
571 2087 732 2152 mollibus.
778 2088 853 2152 hinc
875 2089 988 2170 procul
1010 2089 1098 2153 addit

220 2185 390 2250 Tartareas
414 2185 512 2249 ctiam
534 2185 633 2270 sedes,
656 2185 722 2248 alta
745 2185 829 2250 66116
851 2183 948 2269 Ditis,

220 2288 253 2348 et
276 2283 430 2346 scelerum
452 2304 571 2365 poenas
594 2287 627 2346 et
650 2287 691 2366 te,
714 2279 864 2367 Catilina,
885 2281 1004 2346 minaci

220 2380 410 2464 pendentem
433 2379 564 2462 scopulo
587 2379 807 2462 furiarumque
830 2400 886 2442 ora
908 2383 1108 2465 trementem,

220 2480 423 2558 secretosque
444 2476 526 2561 6166,
547 2476 599 2560 his
623 2477 751 2539 dantem
774 2477 844 2540 1616
867 2475 1031 2540 Catonem
1165 2491 1206 2538 616
1249 2551 1250 2556 ¹

219 2574 297 2638 11666
319 2573 404 2636 111161
426 2573 542 2636 1661111
564 2573 629 2636 1616
651 2573 748 2636 616116
771 2573 841 2638 ibat
863 2574 969 2658 imago

220 2693 329 2756 66166,
351 2669 406 2734 661
429 2669 529 2756 fluctu
552 2670 747 2753 spumabant
770 2671 896 2734 caerula
918 2693 1013 2756 cano3

220 2772 252 2832 61
275 2769 394 2831 circum
417 2763 550 2850 argento
574 2767 653 2831 olari
675 2767 839 2850 delphines
862 2769 898 2831 in
922 2769 1033 2832 orbem

219 2886 358 2948 aequora
380 2862 549 2927 verrebant
572 2864 679 2928 caudis
703 2869 889 2948 aestumque
908 2865 1067 2931 secabant.

219 2963 254 3026 in
276 2962 380 3025 medio
403 2961 514 3024 6166616
538 2965 671 3046 6616166,
693 2959 788 3024 Actia
811 2962 904 3049 bella,

218 3079 346 3123 66111616
368 3061 437 3121 6161
459 3061 629 3141 totumque
651 3059 810 3123 instructo
834 3058 938 3123 Marte
960 3061 1083 3124 1116166

218 3154 340 3218 fervere
362 3151 521 3216 Leucaten
544 3176 685 3237 auroque
708 3155 858 3241 effulgere
881 3156 1006 3222 fluctus.

218 3250 294 3314 111116
316 3249 484 3333 Augustus
509 3271 605 3335 agens
629 3251 729 3316 Italos
753 3252 788 3316 in
810 3254 931 3336 proelia
950 3253 1067 3320 Caesar

217 3367 291 3409 cum
314 3346 461 3428 patribus
484 3349 676 3433 populoque,
699 3349 870 3432 penatibus
893 3355 925 3416 61
948 3353 1074 3438 magnis
1096 3352 1150 3437 dis,

219 3446 309 3507 stans
329 3441 413 3506 celsa
430 3443 465 3506 in
482 3445 595 3529 puppi3
619 3446 761 3530 geminas
780 3445 832 3509 661
850 3450 996 3530 16616616
1013 3447 1151 3513 flammas
1164 3461 1204 3512 666

216 3539 303 3603 16616
325 3543 459 3602 vomunt
482 3542 686 3625 patriumque
709 3543 851 3626 aperitur
873 3546 991 3609 1611166
1014 3545 1108 3611 sidus.
