2556 3966
155 299 158 304 .
193 239 259 302 364
515 239 664 296 VERGILI
682 240 814 294 AENEIS
833 240 870 294 Xl

146 400 153 482 ζ
194 401 405 485 egregiusque
429 401 537 487 animi,
560 402 626 487 qui,
647 402 767 486 nequid
788 403 853 467 tale
875 401 1006 488 rideret,

142 524 146 541 ¹
193 498 366 579 procubuit
388 499 528 562 moriens
553 503 585 562 et
607 499 742 563 humum
765 499 864 562 semel
887 520 941 563 ore
962 498 1144 563 memordit.

138 596 143 610 ¹
194 593 246 656 sin
268 599 300 658 et
324 617 400 679 opes
422 595 517 660 nobis
541 600 574 659 et
598 597 699 660 adhuc
722 598 844 660 intacta
866 595 1017 659 iuventus

194 691 376 775 auxilioque
398 693 495 756 urbes
518 692 619 756 Italae
641 693 817 776 populique
840 695 1022 777 supersunt,
1153 709 1205 756 420

195 787 246 851 sin
269 792 301 852 et
324 789 472 854 Troianis
496 810 569 853 cum
591 790 694 853 multo
718 789 822 874 gloria
845 789 933 853 venit

194 887 349 970 sanguine
373 885 464 973 (sunt
487 886 553 950 illis
578 909 635 951 sua
657 886 770 950 funera
792 907 914 969 parque
937 907 994 969 per
1018 886 1124 950 omnis

194 978 396 1068 tempestas):
420 1003 476 1046 cur
498 982 661 1064 indecores
685 983 720 1046 in
741 983 852 1047 limine
874 983 979 1066 primo
1135 989 1137 994 '

141 1131 148 1161 x
194 1075 379 1142 deficimus?
403 1101 459 1144 cur
483 1082 557 1142 ante
580 1078 692 1142 tubam
715 1083 836 1144 tremor
860 1083 993 1162 occupat
1017 1081 1132 1144 artus?

148 1168 152 1184 i
193 1174 296 1238 multa
318 1175 385 1240 dies
408 1175 579 1259 variusque
601 1175 695 1239 labor
716 1177 884 1241 mutabilis
907 1176 977 1240 aevi
1153 1193 1204 1241 425

158 1268 163 1356 ’ξ
195 1271 320 1335 rettulit
342 1272 378 1335 in
400 1273 524 1358 melius,
546 1273 667 1336 multos
691 1273 814 1338 alterna
837 1274 979 1338 revisens

163 1372 171 1420 l
194 1366 272 1431 lusit
296 1373 328 1432 et
351 1368 386 1432 in
408 1369 510 1434 solido
534 1391 646 1432 rursus
669 1367 812 1432 Fortuna
834 1369 961 1433 locavit.

195 1486 263 1529 non
285 1466 346 1529 crit
370 1466 491 1530 auxilio
514 1466 608 1531 nobis
631 1465 767 1530 Aetolus
790 1469 822 1529 et
845 1465 940 1549 Arpi:

196 1565 229 1624 at
251 1561 419 1645 Messapus
442 1562 504 1627 erit
526 1561 666 1645 felixque
690 1561 878 1626 Tolumnius
902 1567 934 1626 et
958 1584 1039 1646 quos
1137 1621 1141 1628 .

138 1735 140 1740 ,
195 1662 246 1722 tot
268 1659 380 1742 populi
402 1659 517 1724 misere
540 1660 644 1744 duces,
665 1680 724 1723 nec
746 1681 845 1742 parva
863 1662 1015 1742 sequetur
1154 1677 1206 1724 430

195 1757 299 1840 gloria
321 1757 459 1820 delectos
482 1755 575 1820 Latio
600 1761 632 1820 et
654 1753 870 1819 Laurentibus
895 1755 989 1838 agris.

196 1857 245 1916 est
268 1857 300 1916 et
323 1852 514 1918 Volscorum
538 1853 666 1938 egregia
689 1852 727 1916 de
750 1856 845 1936 gente
869 1849 1013 1938 Camilla,

196 1971 310 2034 agmen
332 1971 429 2034 agens
453 1951 598 2034 equitum
621 1953 652 2013 et
674 1949 820 2013 florentis
844 1970 915 2012 aere
938 1953 1091 2015 catervas.

197 2047 282 2130 quod
305 2047 333 2110 si
355 2069 406 2111 me
429 2047 535 2112 solum
558 2047 671 2111 Teucri
693 2046 729 2109 in
751 2045 924 2109 certamina
946 2050 1085 2128 poscunt

195 2145 290 2228 idque
313 2145 417 2228 placet
440 2148 631 2228 tantumque
653 2143 747 2207 bonis
771 2142 993 2206 communibus
1017 2143 1124 2229 obsto,
1153 2161 1206 2208 435

195 2263 262 2306 non
284 2241 360 2305 adeo
383 2241 442 2304 has
466 2263 562 2304 exosa
585 2262 698 2304 manus
721 2237 868 2304 Victoria
890 2239 985 2324 fugit,

195 2343 232 2402 ut
254 2341 347 2402 tanta
370 2337 541 2422 quicquam
563 2360 622 2421 pro
647 2359 703 2420 spe
725 2339 882 2418 temptare
905 2356 1056 2399 recusem.

195 2436 250 2500 ibo
274 2434 389 2498 animis
412 2437 533 2519 contra,
555 2434 606 2498 vel
628 2454 781 2518 magnum
803 2435 944 2515 praestet
968 2431 1128 2497 Achillem

195 2533 343 2615 factaque
366 2529 502 2595 Volcani
524 2531 671 2595 manibus
695 2530 785 2613 paria
806 2529 919 2593 induat
941 2551 1030 2594 arma

195 2630 250 2693 ille
272 2629 356 2693 licet.
401 2628 494 2692 vobis
518 2628 656 2692 animam
677 2627 760 2691 banc
783 2647 956 2709 soceroque
978 2625 1096 2692 Latino
1151 2645 1204 2692 440

195 2725 323 2788 Turnus
347 2745 416 2811 ego,
437 2724 526 2788 haut·
541 2725 600 2788 ulli
622 2728 767 2788 veterum
788 2723 909 2788 virtute
933 2724 1099 2811 secundus,

196 2821 316 2884 devovi.
364 2819 494 2884 “solum
516 2818 640 2884 Aeneas
663 2822 794 2886 vocat’':
818 2823 850 2884 et
873 2824 965 2885 vocet
989 2842 1057 2907 ore,

195 2939 253 2981 nec
275 2916 416 2980 Drances
439 2916 559 3000 potius,
582 2916 648 2980 sive
671 2921 721 2981 est
742 2917 820 2982 haec
842 2917 891 2980 ira
914 2917 1055 3004 deorum,

196 3018 300 3078 morte
322 3014 400 3098 luat,
423 3014 490 3077 sive
514 3019 563 3078 est
586 3015 688 3078 virtus
713 3018 744 3078 et
767 3014 881 3100 gloria,
903 3014 1019 3078 tollat?

167 3185 170 3194 y
239 3112 292 3175 Illi
314 3111 393 3175 haec
414 3110 499 3174 inter
522 3133 556 3175 se
579 3111 685 3176 dubiis
709 3111 746 3174 de
769 3109 865 3173 rebus
889 3111 1027 3194 agebant
1152 3128 1205 3174 445

196 3211 367 3290 certantes3
391 3211 495 3271 castra
518 3207 642 3270 Aeneas
666 3208 828 3291 aciemque
850 3207 1013 3272 movebat:

194 3305 329 3370 nuntius
352 3304 477 3387 ingenti
500 3326 556 3387 per
579 3305 668 3389 regia
690 3308 776 3368 tecta
798 3305 941 3369 tumultu

195 3425 265 3467 ecce
288 3401 355 3465 ruit
378 3401 567 3485 magnisque
589 3402 703 3465 urbem
724 3401 902 3466 terroribus
921 3401 1046 3487 implet,

195 3501 372 3564 instructos
396 3496 461 3560 acie
484 3497 635 3562 'liberino
660 3522 678 3564 a
701 3498 831 3562 flumine
852 3497 990 3563 Teucros
