2612 3964
198 224 260 286 126
529 221 678 277 vanem
695 221 828 276 innuis
846 223 871 276 11
931 283 935 290 ,

198 385 352 450 demisere
374 383 468 470 Neci,
490 405 575 449 nunc
598 406 725 449 cassum
746 383 868 448 lumine
889 384 1015 469 lugent:
1179 401 1215 450 85

196 482 246 545 illi
268 504 319 545 me
343 482 491 545 comitem
514 486 546 545 et
570 480 850 564 consanguinitate
873 483 1064 566 propincum

197 599 319 661 pauper
341 578 376 642 in
399 600 486 642 arma
509 582 602 661 pater
623 577 737 662 primis
759 578 824 642 huc
845 578 936 642 misit
959 579 999 642 ab
1023 579 1126 643 annis.

198 675 274 739 dum
298 676 406 740 stabat
429 695 527 760 regno
551 675 721 746 incolumis
745 697 921 760 regumque
944 676 1075 760 vigebat

197 773 354 858 conciliis,
376 777 408 837 et
430 795 491 838 nos
516 772 647 856 aliquod
669 793 850 856 nomenque
874 773 1031 856 decusque

197 870 365 953 gessimus.
410 869 532 933 invidia
554 873 728 953 postquam
750 870 881 952 pellacis
904 867 994 934 Ulixi
1179 888 1215 937 9⁰

197 963 292 1051 (haut
314 965 427 1050 ignota
450 964 581 1052 loquor)
606 966 730 1049 superis
754 966 910 1030 concessit
934 967 974 1030 ab
998 967 1078 1052 orie,

197 1063 343 1127 adflictus
365 1063 466 1128 vitam
488 1064 524 1127 in
546 1063 687 1128 tenebris
710 1064 862 1146 luctuque
885 1063 1053 1127 trahebam

197 1164 229 1224 et
252 1182 361 1225 casum
383 1161 522 1225 insontis
545 1160 884 1244 mecumiudignabar
907 1160 1009 1224 amici.

195 1277 254 1319 nee
275 1258 363 1321 tacui
386 1258 513 1321 demens
538 1261 570 1320 et
593 1279 657 1343 me,
680 1257 748 1321 fors
772 1257 865 1340 siqua
887 1257 1031 1343 tulisset,

197 1353 225 1417 si
247 1355 371 1438 patrios
394 1377 547 1438 umquam
569 1375 761 1418 remeassem
783 1354 887 1418 victor
911 1355 950 1418 ad
972 1353 1095 1442 Argos,
1178 1375 1213 1422 ec

196 1451 331 1533 promisi
353 1452 491 1515 ultorem
514 1455 546 1514 et
569 1450 677 1514 verbis
701 1450 774 1514 odia
797 1472 909 1534 aspera
931 1452 1026 1516 movi.

196 1546 271 1611 hinc
293 1548 374 1612 mihi
395 1549 499 1632 prima
522 1547 599 1612 mali
621 1547 725 1632 labes,
747 1547 822 1611 hinc
846 1569 970 1630 semper
993 1545 1107 1614 Ulixes

197 1645 526 1709 criminibusterrere
548 1644 656 1729 novis,
677 1643 753 1708 hinc
776 1664 926 1728 spargere
948 1667 1042 1710 voces

196 1743 232 1804 in
253 1743 384 1827 volgum
407 1742 574 1826 ambiguas
598 1744 630 1803 et
654 1763 804 1824 quaerere
818 1742 973 1814 ,conscius
998 1765 1095 1807 arma.

196 1860 254 1902 nec
276 1839 432 1922 requievit
456 1840 554 1923 enim,
578 1838 676 1902 donec
700 1835 873 1901 Calchante
895 1839 1045 1904 ministro
1069 1877 1113 1886 —
1161 1860 1212 1908 100
1293 1867 1294 1951 q

197 1935 252 1999 sed
275 1935 351 2020 quid
374 1956 433 2020 ego
456 1933 535 1999 haec
558 1938 666 2000 autem
687 1935 882 2017 nequiquam
904 1935 1033 2020 ingrata
1054 1940 1214 2020 revolvo?

197 2033 312 2117 quidve
335 2032 466 2097 moror?
490 2031 519 2094 si
542 2031 645 2094 omnis
668 2053 732 2094 uno
757 2032 866 2095 ordine
889 2032 1016 2097 habetis
1039 2033 1187 2101 Achivos

196 2130 291 2213 idque
314 2131 423 2194 audire
447 2132 497 2193 sat
520 2132 583 2213 est,
605 2128 779 2191 iandudum
802 2129 919 2193 sumite
941 2152 1074 2214 poenas:
1292 2133 1293 2194 l

195 2229 257 2292 hoc
279 2227 408 2326 ithacus
433 2226 509 2290 velit
533 2228 565 2288 et
588 2245 704 2308 magno
727 2230 908 2290 mercentur
931 2225 1098 2292 Atridaef
1292 2199 1293 2257 l

240 2325 322 2388 Tum
344 2345 419 2387 vero
444 2323 589 2386 ardemus
613 2321 723 2384 scitari
746 2325 778 2386 et
801 2343 953 2405 quaerere
976 2346 1084 2410 casus,
1160 2346 1213 2394 105
1291 2401 1292 2408 χ

195 2422 301 2508 ignari
324 2421 480 2484 scelerum
501 2422 666 2482 tantorum
689 2419 833 2500 artisque
855 2419 1016 2505 Pelasgae.

195 2518 401 2604 prosequitur
424 2516 572 2599 pavitans
596 2518 628 2578 et
651 2514 726 2578 ficto
749 2521 878 2598 pectore
900 2517 1000 2582 fatur:

241 2616 346 2699 ‘saepe
368 2615 479 2698 fugam
501 2611 606 2676 Danai
629 2611 726 2674 Troia
748 2614 875 2696 cupiere
898 2615 1009 2678 relicta

196 2713 302 2777 moliri
326 2715 358 2776 et
380 2712 478 2796 longo
501 2710 579 2773 fessi
602 2708 761 2774 discedere
784 2711 887 2796 bello;

195 2811 407 2892 fecissentque
429 2808 566 2872 utinam!
591 2827 684 2890 saepe
706 2805 781 2872 illos
805 2831 918 2892 aspera
940 2809 1033 2892 ponti
1159 2831 1212 2879 110

196 2907 377 2972 interclusit
399 2906 501 2970 hiems
525 2909 557 2969 et
580 2904 696 2969 terruit
720 2909 828 2970 auster
851 2907 966 2970 euntis.

196 3005 363 3089 praecipue
387 3025 459 3066 cum
481 3003 546 3065 iam
568 3001 621 3065 hic
643 3002 790 3066 trabibus
815 3007 984 3067 contextus
1008 3007 1134 3070 acernis

197 3104 297 3166 staret
320 3121 407 3183 ecus,
430 3103 501 3162 toto
525 3105 701 3163 sonuerunt
725 3100 852 3164 aethere
874 3100 985 3164 nimbi.

75 3271 78 3278 Ι
197 3196 344 3281 suspensi
367 3195 570 3278 Eurypylum
594 3196 762 3260 scitantem
785 3198 913 3261 oracula
935 3196 1058 3261 Phoebi

196 3296 371 3378 mittimus,
393 3293 485 3375 isque
508 3293 612 3375 adytis
635 3292 713 3355 haec
736 3293 844 3356 tristia
866 3294 952 3358 diota
973 3298 1137 3378 reportat:
1159 3315 1214 3362 115
1288 3279 1289 3360 l

197 3392 376 3476 “sanguine
399 3389 550 3473 placastis
573 3393 686 3451 ventos
709 3393 741 3452 et
764 3389 888 3473 virgine
911 3412 1014 3475 caesa,
1288 3391 1289 3479 l

197 3512 268 3553 oum
292 3489 432 3572 primum
454 3485 566 3548 Iliacas
572 3538 581 3572 ‚
603 3483 721 3571 Danai,
743 3487 876 3552 venistis
901 3488 941 3552 ad
963 3509 1049 3553 oras:
