2514 3966
153 271 156 276 .
210 218 277 283 320
535 215 683 270 VERGILI
701 213 831 270 AENEIS
850 213 888 268 IX

210 378 342 443 dixerat.
371 448 376 459 Ι
379 378 441 479 0110
464 378 575 442 rudem
597 377 691 442 nodis
714 381 747 441 et
769 377 887 442 cortice
910 376 1005 441 crudo

209 473 375 559 intorquet
399 475 532 539 summis
557 474 690 539 adnixus
714 474 837 538 viribus
860 473 999 536 hastam:

210 591 359 656 excepere
383 593 490 656 aurae3
513 571 628 636 volnus
653 568 804 634 Saturnia
825 569 907 635 Iuno
1170 583 1211 631 745

210 666 346 734 detorsit
364 668 508 754 ueniens,
530 672 706 752 portaeque
727 667 875 752 infigitur
897 667 999 731 hasta.

211 765 257 828 ‘at
278 786 345 830 non
366 766 428 830 hoc
451 766 559 843 telum,
583 786 653 828 mea
676 764 763 846 quod
785 765 818 829 vi
841 765 970 829 dextera
991 767 1113 848 versat,

211 861 358 948 effugies3
381 884 484 947 neque
507 861 643 926 animis
666 861 724 924 teli
746 883 804 925 nec
826 860 966 925 volneris
990 858 1124 945 auct0r‚'

179 927 189 1036 1
211 959 257 1024 sic
280 959 326 1023 ait
349 962 381 1024 et
404 959 567 1023 sublatum
591 959 654 1022 alte
678 957 844 1042 consurgit
866 957 902 1021 in
925 978 1032 1022 ensem

176 1050 184 1148 ,ξ
211 1060 243 1119 01
266 1057 402 1121 mediam
425 1057 509 1120 ferro
533 1055 661 1141 gemina
683 1055 768 1120 inter
790 1059 937 1138 tempora
959 1054 1101 1118 frontem
1168 1068 1209 1115 00

172 1190 176 1221 ι
211 1153 325 1217 dividit
347 1153 547 1237 inpubesque
569 1153 702 1216 immani
724 1151 854 1218 volnere
876 1152 987 1216 malas.

163 1250 171 1286 ·‘
210 1251 249 1314 fit
272 1272 379 1335 00000,
401 1249 526 1334 ingenti
548 1271 702 1314 concussa
726 1253 775 1312 est
797 1248 936 1333 pondere
959 1248 1069 1332 tellus3

211 1348 380 1431 conlapsos
404 1351 492 1412 artus
516 1350 613 1430 atque
636 1368 725 1410 arma
748 1349 877 1410 cruenta
900 1345 1030 1410 cerebro

213 1445 328 1508 sternit
350 1445 441 1508 humi
463 1443 613 1528 moriens,
636 1447 732 1526 atque
755 1443 804 1506 illi
826 1442 975 1527 partibus
999 1443 1110 1526 aequis

211 1542 275 1606 huc
297 1546 392 1625 caput
415 1545 512 1624 atque
534 1541 611 1606 illuc
633 1562 743 1604 umero
767 1562 805 1604 ex
828 1546 966 1624 utroque
989 1538 1146 1624 pependit.
1165 1553 1205 1602 05

212 1639 386 1724 diffugiunt
408 1639 493 1702 versi
516 1637 640 1720 trepida
663 1638 833 1702 formidine
857 1637 968 1702 Troes:

213 1741 245 1800 et
268 1737 296 1800 si
319 1735 470 1800 continuo
493 1735 648 1800 victorem
672 1757 708 1798 ea
731 1756 806 1798 cura
830 1735 980 1820 subisset,

213 1822 359 1919 rumpere
382 1833 522 1896 claustra
542 1854 640 1896 manu
664 1832 830 1916 sociosque
853 1831 1027 1895 immittere
1050 1830 1164 1914 portis,

213 1931 347 1994 ultimus
370 1930 425 1994 ille
448 1929 514 1994 dier
538 1929 623 1992 bello
647 1929 799 2012 gentique
822 1927 949 2011 fuisset3

214 2027 269 2092 sed
291 2028 382 2092 furor
405 2027 567 2090 ardentem
590 2025 757 2108 caedisque
778 2025 892 2088 insana
914 2023 1030 2108 cupido
1165 2037 1205 2087 ⁷60

214 2125 281 2210 egit
302 2125 338 2188 in
360 2145 496 2188 aversos

213 2223 370 2307 principio
393 2219 554 2284 Phalerim
577 2223 609 2284 et
633 2219 755 2284 succiso
778 2217 902 2301 poplite
925 2213 1041 2300 Gygen

214 2319 345 2403 excipit3
367 2318 443 2382 hinc
464 2320 573 2400 raptas
597 2316 796 2400 fugientibus
819 2313 939 2398 ingerit
960 2313 1071 2376 hastas

213 2417 249 2480 in
270 2421 382 2500 tergus
405 2412 500 2501 (luno
523 2414 608 2478 vires
631 2414 835 2495 animumque
858 2407 1049 2496 ministrat);

215 2513 302 2577 addit
325 2509 436 2594 Halyn
458 2511 607 2574 comitem
631 2513 663 2573 et
686 2509 810 2574 confixa
832 2505 959 2591 Phegea
981 2529 1100 2592 parma,
1162 2519 1202 2567 '165

213 2611 344 2696 ignaros
368 2606 480 2671 deinde
502 2607 538 2670 in
559 2607 660 2670 muris
683 2605 884 2687 Martemque
907 2603 1020 2667 cientis

214 2705 472 2788 Alcandrumque
494 2702 689 2786 Haliumque
711 2700 941 2784 No'e'monaquc
963 2697 1187 2783 Prytanimque.

214 2804 341 2889 Lyncea
363 2802 543 2866 tendentem
569 2805 680 2864 contra
703 2799 870 2882 sociosque
893 2800 1060 2862 vocantem

215 2899 357 2965 vibranti
380 2897 486 2983 gladio
510 2897 643 2960 conixus
667 2897 707 2960 ab
731 2916 846 2980 aggere
869 2895 979 2960 dexter

217 3000 350 3080 occupat
373 2993 463 3082 (huic
485 3014 549 3057 uno
573 2993 734 3057 desectum
756 2992 934 3057 comminus
956 2991 1023 3056 ictu
1163 3003 1202 3052 ru

216 3117 289 3159 cum
311 3094 402 3178 galea
424 3092 521 3175 longe
543 3090 641 3153 iacuit
664 3087 784 3176 caput),
806 3088 879 3153 inde
902 3089 1042 3152 ferarum

215 3195 412 3256 vastatorem
434 3188 602 3272 Amycum,
625 3209 687 3270 quo
710 3208 777 3250 non
798 3185 922 3249 felicior
945 3186 1026 3250 alter

216 3308 336 3372 ungere
359 3286 423 3348 tela
445 3303 542 3347 manu
564 3284 747 3367 ferrumque
770 3303 892 3346 armare
914 3302 1046 3366 veneno,

218 3389 250 3447 et
274 3381 415 3465 Clytium
438 3379 593 3444 Aeoliden
615 3384 648 3444 et
671 3381 806 3444 amicum
829 3377 965 3443 Crethea
987 3377 1098 3463 Musio,

176 3468 178 3495 ²
218 3478 354 3544 Crethea
376 3477 541 3541 Musarum
564 3477 721 3562 comitem,
743 3477 795 3541 cui
817 3476 956 3539 carmina
979 3495 1099 3559 semper
1162 3483 1201 3534 01
