2538 3970
205 241 270 306 302
530 241 676 296 VERGILI
694 241 826 296 nuusls
842 241 882 295 IX

170 367 176 430 ¹.
203 423 245 466 ne
266 403 411 488 timeant,
432 423 491 467 neo
513 403 588 487 equi
610 424 701 467 caeca
724 403 895 467 condemur
917 402 953 466 in
974 401 1060 466 alvo:

176 542 178 553 ·
204 499 275 563 luce
298 500 404 584 palam
426 503 549 564 certum
572 504 621 563 est
643 499 712 584 igni
735 499 928 564 circumdare
946 520 1065 562 muros.

175 624 177 635 ·
204 595 284 661 haut
307 595 370 661 sibi
393 618 465 662 cum
487 595 608 661 Danais
631 618 699 660 rem
721 597 796 660 faxo
815 598 847 659 et
869 595 954 678 pube
976 594 1111 680 Pelasga

173 672 176 753 l
205 715 274 758 esse
292 693 407 778 ferant,
421 693 588 758 decumum
604 713 684 777 quos
699 691 827 756 distulit
840 691 961 756 Hector
974 691 1009 755 in
1023 714 1148 756 annum.
1160 709 1201 755 ros

173 810 175 881 ς
204 811 290 856 nunc
313 791 400 876 adeo,
422 790 536 855 melior
559 789 712 874 quoniam
734 811 809 874 pars
833 793 904 853 acta
922 789 994 874 diei,

171 886 174 967 l
206 885 293 971 quod
316 891 471 972 superest,
492 886 571 950 laeti
594 886 675 951 bene
697 887 798 972 gestis
822 908 955 970 corpora
977 886 1074 950 rebus

172 970 174 982 ’
204 987 382 1070 procurate,
404 984 476 1070 viri,
498 987 531 1048 et
553 1004 694 1068 pugnam
718 988 845 1067 sperate
866 985 994 1068 parari?

204 1081 326 1146 interea
348 1081 485 1166 vigilum
508 1080 649 1144 excubiis
673 1080 819 1144 obsidere
842 1084 952 1164 portas

205 1200 280 1242 cura
303 1178 398 1242 datur
420 1177 569 1261 Messapo
593 1182 626 1242 et
647 1177 774 1242 moenia
797 1177 924 1263 cingere
946 1177 1093 1242 flammis.
1159 1195 1201 1244 roo

178 1320 180 1334 .
204 1275 256 1339 bis
280 1279 402 1358 septem
425 1273 550 1358 Rutuli,
572 1295 682 1338 muros
706 1275 760 1358 qui
784 1273 887 1338 milite
911 1279 1049 1360 servent,

205 1371 331 1456 delecti3
355 1376 405 1436 ast
428 1371 502 1435 illos
525 1370 651 1434 centeni
674 1392 831 1456 quemque
855 1375 1005 1436 secuntur

205 1469 358 1554 purpurei
381 1469 488 1533 cristis
511 1469 641 1559 iuvenes
665 1489 806 1552 auroque
829 1469 959 1534 corusci.

206 1566 389 1630 discurrunt
411 1566 601 1649 variantque
623 1565 707 1630 vices
730 1565 858 1650 fusique
880 1588 937 1649 per
958 1566 1092 1631 herbam

205 1663 373 1748 indulgent
395 1663 471 1727 vino
496 1667 527 1726 et
549 1666 680 1726 vertunt
703 1667 843 1728 crateras
866 1669 970 1728 aenos.
1159 1679 1200 1729 165

206 1760 373 1826 conlucent
395 1761 496 1846 ignes,
512 1764 640 1824 noctem
663 1760 809 1824 custodia
831 1760 918 1824 ducit
950 1823 952 1830 ,

192 1857 384 1944 ¹insomnem
406 1857 490 1921 ludo.
781 1857 784 1862 “
845 1924 849 1932 ,

249 1951 336 2018 Haeo
360 1974 455 2037 super
477 1975 494 2018 e
517 1953 602 2018 vallo
625 1957 832 2036 prospectant
855 1953 954 2018 Troes
978 1957 1010 2019 et
1034 1957 1128 2021 armis

206 2052 272 2117 alta
293 2053 413 2134 tenent,
434 2071 493 2114 nee
514 2071 581 2114 non
603 2050 721 2133 trepidi
744 2051 913 2115 formidine
935 2056 1046 2135 portas

206 2148 374 2233 explorant
396 2147 569 2231 pontisque
592 2151 625 2210 et
647 2149 888 2232 propugnacula
910 2149 1059 2237 iungunt,
1158 2168 1198 2216 170

205 2246 270 2310 tela
293 2247 416 2330 gerunt.
462 2243 564 2307 instat
588 2241 775 2308 Mnestheus
799 2266 932 2330 acerque
956 2244 1110 2337 Serestus,

206 2364 287 2427 quos
309 2345 401 2425 pater
424 2339 557 2426 Aeneas,
581 2340 737 2424 siquando
763 2342 894 2408 adversa
915 2350 1076 2431 vocarent,

205 2443 344 2504 rectores
367 2439 518 2502 iuvenum
541 2440 573 2501 et
596 2459 703 2501 rerum
726 2437 812 2502 dedit
835 2461 905 2503 esse
925 2441 1107 2526 magistros.

206 2536 310 2602 omnis
332 2557 389 2619 per
411 2555 521 2598 muros
544 2534 640 2620 legio,
663 2535 779 2599 sortita
799 2537 962 2623 periclum,

206 2632 342 2697 excubat
360 2635 546 2715 exercetque
566 2631 659 2716 vices,
682 2632 768 2715 quod
786 2633 900 2717 cuique
918 2635 1072 2700 tuendum
1091 2641 1143 2701 est.
1157 2651 1196 2700 ru

250 2727 351 2793 Nisus
375 2732 444 2794 erat
467 2731 579 2812 portae
602 2732 721 2813 custos,
744 2728 915 2794 acerrimus
940 2731 1046 2817 armiS,

206 2825 406 2910 Hyrtacides,
429 2825 579 2890 comitem
602 2825 726 2889 Aeneae
751 2847 845 2909 quem
866 2827 998 2892 miserat
1020 2828 1078 2893 Ida

206 2923 352 2987 venatrix
375 2922 478 2986 iaculo
503 2924 636 2986 celerem
658 2922 1014 3010 levibusquesagittis3
1095 2907 1100 2916 ¹

205 3020 233 3083 it
255 3019 346 3082 iuxta
369 3040 473 3083 comes
495 3018 667 3104 Euryalus,
691 3041 753 3103 quo
777 3019 942 3103 pulchrior
966 3022 1046 3087 alter
1251 3101 1252 3104 Ἴ

205 3138 272 3180 non
295 3115 357 3179 fuit
380 3115 563 3179 Aeneadum
588 3115 726 3180 Troiana
748 3138 851 3202 neque
873 3119 979 3182 induit
1002 3142 1098 3206 arma,
1156 3133 1194 3182 180

206 3235 263 3278 ora
284 3232 365 3295 puer
387 3212 490 3295 prima
513 3213 644 3296 signans
667 3213 797 3277 intonsa
819 3215 957 3279 iuventa.

204 3309 257 3375 his
281 3329 370 3373 amor
393 3329 476 3373 unus
500 3313 578 3395 erat,
600 3310 783 3394 pariterque
806 3311 841 3376 in
863 3311 948 3376 bella
970 3314 1118 3378 ruebant:

205 3411 276 3471 tum
300 3425 427 3490 quoquo
450 3408 610 3470 communi
632 3411 759 3491 portam
783 3408 921 3474 statione
944 3410 1103 3474 tenebant.
1250 3431 1251 3454 t

205 3502 306 3570 Nisus
331 3503 389 3568 ait:
415 3501 497 3566 ‘dine
519 3503 605 3568 hunc
628 3505 773 3570 ardorem
795 3505 958 3572 mentibus
983 3506 1110 3592 addunt,
1250 3457 1251 3539 l
