2556 3966
170 199 178 212 ’
199 225 265 288 400
531 221 675 276 000000
693 220 825 276 Ananis
839 221 890 276 00

140 411 149 422 ·
200 390 267 450 0000
289 385 377 469 boni,
399 385 549 468 quoniam
573 383 697 467 superis
721 405 832 446 aversa
854 383 1019 448 voluntas!

201 486 310 546 sancta
333 482 372 546 ad
394 504 452 546 vos
477 481 582 546 anima
605 484 701 563 atque
724 481 819 544 istius
842 481 950 544 nescia
973 480 1085 563 culpae
1176 529 1211 566 ,f

201 579 396 664 descendam,
412 599 603 662 magnorum
621 577 701 640 haut
719 599 870 660 umquam
886 577 1037 662 indignus
1053 578 1211 642 avorum?

244 676 309 740 Vix
333 699 369 741 00
391 676 477 740 fatus
501 679 582 738 erat:
605 671 726 738 medios
750 675 838 738 volat
861 696 930 740 0000
953 695 1010 759 per
1032 674 1141 740 hostis
1160 694 1212 742 000

201 777 310 838 vectus
334 795 415 857 equo
440 775 609 856 spumante
632 769 736 856 Saces,
759 770 889 835 adversa
913 773 1032 856 sagitta

203 872 327 936 saucius
352 893 417 955 ora,
439 870 568 954 ruitque
592 868 766 952 implorans
789 869 918 934 nomine
941 869 1100 936 Turnum:

203 968 330 1054 ‘Turne
352 967 387 1030 in
410 971 441 1030 te
465 987 613 1049 suprema
636 965 735 1028 salus:
759 965 909 1029 miserere
932 969 1071 1032 tuorum.

202 1066 352 1129 fulminat
375 1063 499 1128 Aeneas
523 1063 620 1128 armis
644 1083 847 1146 summasque
870 1062 1011 1126 minatur

203 1163 398 1226 deiecturum
422 1181 509 1224 00000
531 1157 651 1222 Italum
674 1159 860 1242 excidioque
883 1160 1046 1245 daturum,
1162 1181 1213 1228 050

203 1259 331 1343 iamque
354 1261 437 1322 faces
462 1257 501 1320 ad
525 1259 609 1320 tecta
632 1255 750 1319 volant,
796 1255 831 1320 in
853 1259 885 1320 00
910 1278 965 1321 000
987 1257 1108 1346 Latini,

204 1356 238 1418 in
260 1359 292 1418 te
316 1355 424 1419 oculos
447 1353 603 1438 referunt3
625 1356 748 1416 mussat
771 1375 827 1417 rex
850 1353 919 1437 ipse
942 1351 1089 1441 Latinus,

205 1472 285 1534 quos
309 1473 442 1536 generos
465 1453 556 1514 vocet
579 1453 635 1513 aut
658 1472 738 1533 quae
762 1471 831 1514 0000
855 1451 895 1514 ad
917 1451 1045 1516 foedera
1069 1453 1184 1520 flectat.

35 1645 65 1736 T:
206 1639 412 1730 occidit'ibsa
436 1668 493 1710 000
515 1646 680 1728 lucemque
704 1645 856 1709 exterrita
879 1645 972 1730 fugit.
1162 1668 1214 1718 000

31 1742 64 1812 Gt
138 1742 161 1806 ἕ
206 1743 267 1807 0011
289 1765 347 1827 pro
371 1743 474 1827 portis
497 1742 663 1826 Messapus
687 1745 720 1806 et
741 1762 813 1806 0000
835 1740 951 1808 Αο1000
1268 1735 1269 1742 ¹

51 1857 89 1907 :fa
116 1805 160 1908 td
206 1844 388 1904 sustentant
412 1840 518 1906 aciem.
564 1840 681 1904 circum
704 1839 763 1903 hos
787 1839 949 1924 utrimque
972 1842 1150 1929 phalanges

43 1913 64 1998 d
124 1957 158 2040 ὅ
207 1942 294 2001 00000
317 1938 441 2022 densae,
464 1938 648 2020 strictisque
672 1957 762 2020 seges
785 1936 992 2002 mucronibus
1011 1939 1125 2004 horret

51 2041 71 2120 s
138 2048 158 2126 ξ
205 2036 319 2098 ferrea:
343 2039 380 2098 tu
403 2056 530 2098 currum
553 2034 678 2097 deserto
702 2033 737 2096 in
759 2035 903 2118 gramine
921 2037 1051 2101 versas'

42 2165 59 2216 ¹,
135 2134 160 2201 d
207 2132 365 2216 opstipuit
387 2131 476 2196 varia
498 2129 649 2194 confusus
672 2129 812 2214 imagine
834 2153 938 2200 rerum

48 2235 60 2285 ἵ
134 2261 156 2323 ‘2
206 2229 333 2294 Turnus
357 2232 389 2292 et
413 2228 529 2292 obtutu
552 2227 651 2290 tacito
675 2225 774 2290 stetit.
817 2232 942 2294 aestuat
963 2229 1079 2314 ingens

118 2345 160 2415 gg
206 2348 269 2390 uno
293 2327 328 2390 in
350 2326 443 2390 corde
465 2325 567 2409 pudor
589 2324 755 2407 mixtoque
777 2325 902 2390 insania
923 2326 1012 2390 luctu

25 2415 32 2425 ’
57 2441 63 2450 ·
119 2401 157 2456 i*
206 2429 238 2492 et
260 2425 353 2489 furiis
377 2424 519 2509 agitatus
542 2444 632 2486 amor
655 2426 687 2484 00
710 2421 836 2486 0000010
857 2422 969 2486 010000.

28 2543 40 2570 ²
206 2527 243 2587 ut
265 2523 404 2607 primum
427 2521 588 2586 discussae
610 2519 741 2583 umbrae
765 2522 797 2581 et
819 2518 874 2582 lux
897 2517 1020 2582 reddita
1043 2522 1156 2608 menti,

30 2589 48 2640 1
196 2621 346 2702 ,ardentis
371 2619 536 2683 oculorum
559 2616 652 2702 orbes
676 2616 715 2678 ad
737 2614 862 2678 moenia
884 2614 981 2678 torsit
1163 2637 1216 2684 570

196 2698 354 2781 ‘turbidus
378 2737 458 2800 eque
480 2715 561 2780 rotis
584 2735 733 2798 magnam
755 2711 896 2794 respexit
919 2712 958 2774 ad
983 2712 1105 2777 urbem.

207 2836 276 2878 0000
299 2816 406 2877 autem
428 2811 564 2876 flammis
588 2811 672 2876 inter
694 2810 840 2874 tabulata
862 2809 992 2874 volutus

207 2913 247 2974 ad
271 2911 391 2974 caelum
414 2909 556 2974 undabat
578 2911 690 2972 vortex
714 2906 892 2989 turrimque
914 2905 1054 2991 tenebat,

206 3008 331 3093 turrim,
353 3006 527 3089 compactis
550 3004 696 3070 trabibus
722 3025 816 3088 quam
840 3003 991 3068 eduxerat
1014 3002 1085 3086 ipse

207 3104 453 3187 subdideratque
476 3106 564 3167 rotas
587 3102 759 3186 pontisque
782 3102 974 3166 instraverat
998 3103 1092 3167 altos.
1164 3123 1215 3172 000

207 3203 283 3266 ‘iam
306 3203 370 3264 ianr
392 3203 467 3286 fata,
491 3222 591 3285 soror,
614 3202 778 3282 superant3
804 3198 924 3262 absiste
940 3199 1080 3283 'morari3

207 3321 270 3382 quo
294 3299 370 3361 deus
394 3301 426 3362 et
450 3319 512 3380 quo
536 3297 615 3360 dura
637 3299 730 3360 vocat
752 3294 905 3381 Fortuna,
927 3318 1108 3380 sequamur.

207 3400 272 3459 stat
295 3395 436 3458 conferre
459 3417 589 3458 manum
612 3392 746 3479 Aeneae,
768 3395 834 3458 stat
857 3391 1011 3476 quidquid
1036 3394 1179 3460 acerbist

206 3495 309 3555 morte
332 3489 413 3573 pati,
435 3511 537 3573 neque
560 3512 609 3554 me
633 3490 820 3574 indecorem,
844 3509 1003 3574 germana,
1027 3489 1154 3556 videbis

669 3732 759 3788 ’.χ
806 3693 941 3780 rimi:
980 3659 1099 3776 istri-Q
