2530 3960
199 303 266 366 450
584 298 828 354 CATALEPTON.

201 463 338 547 strigare
360 463 447 526 mula
472 461 539 525 sive
562 465 734 543 utrumque
758 461 904 542 coeperat

200 678 304 739 neque
326 655 393 718 ulla
416 659 493 718 vota
517 653 716 718 semitalibus
738 653 804 717 deis

202 752 265 816 sibi
288 774 357 816 esse
380 752 464 816 faeta
487 755 612 835 praeter
634 750 695 814 hoc
718 750 938 836 novissimum,

201 852 335 931 paterna
358 848 428 912 lora
451 848 695 931 proximumque
718 847 883 931 pectinem.

203 945 257 1008 sed
280 943 357 1008 haee
380 945 470 1027 prius
493 945 593 1008 fuere:
615 965 701 1007 1111111
723 944 862 1007 eburnea

203 1042 355 1125 sedetque
378 1042 451 1105 sede
475 1063 571 1125 seque
593 1040 716 1104 dedicat
738 1040 809 1124 tibi,

202 1139 335 1223 gemelle
359 1135 473 1202 Castor
497 1142 529 1200 et
551 1137 684 1221 gemelle
703 1135 856 1201 Castoris.

204 1426 281 1503 Quis
306 1428 392 1512 deus,
415 1425 536 1511 Octavi,
559 1427 708 1491 tenebis
732 1429 889 1493 abstulit?
912 1451 954 1492 an
978 1451 1062 1513 quae

248 1524 366 1610 dieunt,
389 1547 416 1610 a,
438 1525 538 1588 nimio
562 1524 676 1606 poeula
699 1525 793 1589 dueta
814 1525 926 1590 mero?

204 1621 391 1706 ‘vobiscum
415 1621 443 1684 si
466 1625 514 1685 est
537 1620 640 1704 eulpa,
663 1621 746 1685 bibi:
770 1644 828 1686 sua
851 1643 1010 1706 quemque
1036 1631 1182 1689 secuntur

248 1718 326 1781 fata:
351 1718 428 1802 quid
450 1717 592 1782 inmeriti
614 1719 735 1782 crimen
756 1717 876 1782 habent
900 1719 1045 1802 cyathi‘l'

205 1815 324 1898 scripta
347 1816 474 1898 quidem
498 1819 554 1878 tua
576 1836 636 1878 nos
659 1815 797 1878 multum
820 1815 1011 1880 mirabimur
1035 1822 1068 1881 et
1093 1822 1125 1882 te
1193 1837 1205 1882 5
1249 1857 1250 1880 1

248 1915 376 1994 raptum
400 1915 431 1974 et
454 1909 633 1974 Romanam
652 1911 799 1975 flebimus
822 1911 1003 1998 historiam,

204 2008 260 2071 sed
281 2011 319 2072 tu
341 2008 450 2071 nullus
474 2008 544 2072 eris.
569 2008 710 2090 perversi
734 2009 828 2071 dieite
851 2030 971 2094 manes,

249 2105 334 2169 1111111
358 2126 522 2187 superesse
545 2105 629 2188 patri
653 2126 735 2188 quae
757 2105 819 2168 fuit
842 2105 984 2169 invidia?

626 2288 689 2353 XII
705 2287 789 2376 (IV)

250 2393 391 2478 Superbe
414 2391 584 2477 Noctuine,
606 2394 882 2480 putidumoaput,

205 2493 298 2556 datur
321 2488 383 2555 tibi
406 2490 520 2574 puella,
544 2513 640 2574 quam
662 2491 756 2577 petis,
779 2491 885 2576 datur,

205 2590 308 2674 datur,
331 2588 466 2671 superbe
492 2584 662 2666 Noctuine,
685 2609 780 2670 quam
803 2587 895 2670 petis.

205 2686 268 2771 sed,
292 2707 309 2749 o
334 2684 470 2767 superbe
493 2681 662 2768 Noctuine,
683 2705 750 2747 non
772 2684 860 2748 vides

204 2784 283 2847 duas
306 2782 424 2846 habere
446 2779 529 2844 filias
548 2778 695 2865 Atilium,

205 2880 293 2964 duas,
316 2882 348 2942 et
369 2877 452 2941 hano
475 2882 507 2941 et
531 2878 673 2962 alteram,
695 2876 756 2940 tibi
780 2877 856 2942 dari.

205 2976 312 3038 adeste
334 2996 427 3059 nuno,
451 2975 570 3038 adeste:
595 2973 682 3037 duait
705 2970 755 3059 (ut
779 2971 895 3060 decetl)

206 3070 362 3154 superbus
386 3091 454 3134 ecee
477 3069 658 3134 Noctuinus
681 3069 833 3134 herniam.

205 3167 373 3231 thalassio!
398 3167 567 3231 thalassio!
590 3166 758 3232 thalassio!

629 3351 707 3417 XIII
724 3351 790 3441 (V).

205 3455 313 3520 Iaeere
339 3476 398 3537 me,
422 3457 506 3538 quod
529 3458 595 3521 alta
617 3481 681 3524 non
706 3459 837 3546 possim,
859 3465 967 3548 putas,

252 3553 289 3613 ut
314 3553 389 3612 ante
412 3554 528 3615 vectari
553 3555 634 3618 freta
