2556 3966
359 247 361 250 ·
413 197 710 288 vascmnuums
726 233 763 287 n
1018 233 1088 298 377,

65 395 198 478 profuit
223 398 279 458 aut
301 396 430 458 nostras
454 414 564 458 umero
588 393 727 477 gessisse
750 394 896 478 sagittas.

65 513 137 554 non
161 494 273 554 tamen
295 489 475 554 indecorem
497 494 554 554 tua
577 493 609 553 te
632 491 743 575 regina
766 491 897 574 reliquit
1036 507 1087 557 845

68 591 218 652 extrema
240 588 305 652 iam
327 587 363 650 in
384 592 497 674 morte,
517 590 622 670 neque
644 586 706 651 hoo
729 587 797 652 sine
820 587 949 652 nomine
971 588 1072 653 letum

68 707 128 768 per
153 685 262 770 gentis
287 685 348 748 erit
372 688 428 748 aut
450 685 567 748 famam
590 682 724 767 patieris
747 683 877 748 inultae.

68 803 148 844 nam
175 782 366 866 quicumque
389 783 481 844 tuum
504 779 637 844 violavit
660 779 789 844 volnere
813 802 938 864 corpus,

70 882 180 944 morte
202 879 271 942 luet
293 878 427 941 merita’
473 877 537 940 fuit
559 877 672 961 ingens
695 881 804 942 monte
829 879 889 942 sub
914 879 979 942 alto

71 976 162 1060 regis
184 975 344 1040 Dercenni
366 979 493 1038 terreno
518 995 557 1038 ex
580 994 697 1058 aggere
719 975 852 1040 bustum
1034 991 1086 1041 850

73 1074 203 1156 antiqui
225 1071 394 1136 Laurentis
419 1092 580 1156 opacaque
603 1070 676 1134 ilice
698 1073 831 1135 tectum:

72 1171 126 1234 hic
151 1171 210 1234 dea
233 1191 267 1234 se
289 1169 429 1253 primum
452 1167 563 1252 rapido
586 1165 811 1252 pulcherruma
832 1167 907 1230 nisu

75 1268 165 1332 sistit
188 1271 221 1332 et
242 1266 419 1331 Arruntem
440 1264 566 1330 tumulo
591 1263 773 1348 speculatur
796 1265 836 1328 ab
860 1265 934 1328 alto.
1065 1318 1067 1322 ,

75 1369 111 1428 31
135 1364 218 1428 vidit
239 1365 413 1428 laetantem
436 1363 550 1426 animis
574 1385 610 1426 ac
633 1383 715 1426 vana
739 1365 926 1447 tumentem,

76 1461 157 1525 ‘cur'
179 1461 286 1544 inquit
309 1461 469 1525 ‘diversus
488 1459 580 1524 abis?
602 1459 665 1522 huc
688 1458 796 1542 derige
819 1479 974 1544 gressum,
1033 1477 1084 1525 85'5

75 1558 138 1620 huc
161 1557 303 1639 periture
326 1553 408 1640 veni,
431 1555 537 1638 capias
560 1561 597 1620 ut
620 1555 718 1640 digna
741 1553 894 1619 Camillae

77 1654 225 1738 praemia.
270 1657 348 1717 tune
371 1653 468 1716 etiam
491 1652 564 1716 telis
588 1653 724 1717 moriere
747 1652 894 1717 Dianael’

79 1753 168 1837 dixit,
191 1755 222 1814 ct
246 1753 365 1814 aurata.
381 1749 543 1814 volucrem
565 1748 735 1812 Thraeissa
761 1751 910 1834 sagittam

79 1847 275 1932 deprompsit
298 1846 449 1930 pharetra
472 1867 632 1928 cornuque
651 1846 776 1910 infensa
798 1847 936 1910 tetendit

79 1949 109 2009 et
132 1944 223 2008 duxit
245 1944 351 2030 longe,
373 1942 472 2008 donec
495 1946 625 2006 curvata
648 1943 769 2006 coirent
1032 1963 1084 2011 sao

79 2042 161 2104 inter
185 2062 219 2104 se
241 2039 347 2122 capita
369 2043 401 2102 et
424 2039 574 2104 manibus
597 2039 661 2104 iam
684 2044 830 2124 tangeret
854 2041 974 2126 aequis,

13 2191 14 2200 ,
79 2139 166 2202 laeva
189 2137 288 2200 aciem
311 2135 397 2220 ferri,
421 2135 532 2200 dextra
554 2159 715 2221 nervoque
737 2139 897 2222 papillam.
1050 2137 1052 2142 ’

13 2279 14 2302 2
80 2233 237 2316 extemplo
260 2233 318 2296 teli
342 2233 512 2297 stridorem
531 2255 687 2317 aurasque
711 2237 855 2300 sonantis

80 2332 179 2395 audiit
201 2353 265 2394 una
287 2329 423 2416 Arruns,
444 2329 612 2414 haesitque
635 2331 667 2394 in
693 2352 825 2416 corpore
847 2333 974 2396 ferrum.

13 2445 14 2484 t
80 2430 169 2493 illum
193 2427 390 2511 expirantem
414 2427 493 2491 socii
517 2431 612 2512 atque
636 2432 776 2493 extrema
799 2434 977 2514 gementem
1032 2447 1083 2496 scs

81 2525 172 2590 obliti
194 2525 307 2609 ignoto
330 2546 515 2608 camporum
537 2525 572 2588 in
593 2525 724 2609 pulvere
747 2526 880 2612 lincunt,

80 2622 155 2706 Opis
180 2622 219 2685 ad
241 2620 418 2685 aetherium
440 2621 548 2705 pinnis
572 2622 715 2686 aufertur
738 2621 917 2707 Olympum.

120 2719 227 2783 Prima
249 2718 335 2802 fugit
358 2719 486 2782 domina
509 2719 626 2782 amissa
648 2719 729 2784 levis
753 2722 803 2784 ala
826 2719 993 2806 Camillae,
1084 2751 1086 2758 >

79 2816 200 2881 turbati
222 2815 351 2900 fugiunt
374 2814 498 2901 Rutuli,
520 2817 605 2900 fugit
629 2837 699 2880 acer
722 2815 847 2904 Atinas,

80 2913 262 2996 disiectique
285 2912 379 2978 duces
403 2913 601 2996 desolatique
623 2914 754 2998 manipl'
1033 2933 1086 2982 870¹

79 3015 146 3075 tuta
169 3013 285 3094 petunt
308 3014 340 3074 et
363 3011 454 3094 equis
478 3010 580 3074 aversi
604 3010 643 3074 ad
665 3011 792 3075 moenia
814 3011 958 3076 tendunt.
1038 3030 1041 3036 '
1081 3041 1083 3048 s

78 3131 131 3173 nec
154 3108 326 3192 quisquam
348 3108 501 3172 instantis
525 3106 663 3172 Teucros
687 3108 851 3192 letumque
874 3110 1005 3174 ferentis
1053 3130 1056 3164 2
1083 3139 1086 3160 2

79 3208 256 3269 sustentare
277 3205 363 3268 valet
385 3204 459 3269 telis
484 3209 539 3268 aut
563 3205 676 3270 sistere
700 3209 820 3292 contra,

79 3304 128 3366 sed
149 3303 242 3366 laxos
265 3301 408 3366 referunt
431 3302 549 3366 umeris
572 3301 800 3387 languentibus
821 3325 923 3390 arcus,

78 3398 376 3483 quadrupedumque
412 3403 539 3483 putrem
576 3421 671 3463 cursu
708 3401 814 3483 quatit
847 3401 969 3485 ungula
1002 3423 1083 3464 cam·

709 3519 795 3579 pum.
1030 3515 1084 3562 sas
