<?xml version="1.0" encoding="UTF-8"?>
<!DOCTYPE html PUBLIC "-//W3C//DTD XHTML 1.0 Transitional//EN"
    "http://www.w3.org/TR/xhtml1/DTD/xhtml1-transitional.dtd">
<html xmlns="http://www.w3.org/1999/xhtml" xml:lang="en" lang="en">
 <head>
  <title>
</title>
<meta http-equiv="Content-Type" content="text/html;charset=utf-8" />
  <meta name='ocr-system' content='tesseract 3.04.00' />
  <meta name='ocr-capabilities' content='ocr_page ocr_carea ocr_par ocr_line ocrx_word'/>
</head>
<body>
  <div class='ocr_page' id='page_1' title='image "./pvergilimaronis11virggoog/pvergilimaronis11virggoog_0449.png"; bbox 0 0 2556 3966; ppageno 0'>
   <div class='ocr_carea' id='block_1_1' title="bbox 180 229 869 297">
    <p class='ocr_par' dir='ltr' id='par_1_1' title="bbox 180 229 869 297">
     <span class='ocr_line' id='line_1_1' title="bbox 180 229 869 297; baseline -0.017 -3"><span class='ocrx_word' id='word_1_1' title='bbox 180 232 244 297; x_wconf 84' lang='grc'><strong>396</strong></span> <span class='ocrx_word' id='word_1_2' title='bbox 500 229 648 285; x_wconf 81' lang='lat' dir='ltr'><strong>VERGILI</strong></span> <span class='ocrx_word' id='word_1_3' title='bbox 665 229 797 284; x_wconf 81' lang='lat' dir='ltr'>AENEIS</span> <span class='ocrx_word' id='word_1_4' title='bbox 816 229 869 282; x_wconf 90' lang='lat' dir='ltr'><strong>Xll</strong></span> 
     </span>
    </p>
   </div>
   <div class='ocr_carea' id='block_1_2' title="bbox 133 389 1269 3574">
    <p class='ocr_par' dir='ltr' id='par_1_2' title="bbox 133 389 1269 3574">
     <span class='ocr_line' id='line_1_2' title="bbox 179 389 1269 476; baseline -0.006 -19"><span class='ocrx_word' id='word_1_5' title='bbox 179 394 232 457; x_wconf 90' lang='lat' dir='ltr'><strong>hic</strong></span> <span class='ocrx_word' id='word_1_6' title='bbox 253 394 369 457; x_wconf 88' lang='lat' dir='ltr'><strong>fratres</strong></span> <span class='ocrx_word' id='word_1_7' title='bbox 396 391 495 476; x_wconf 89' lang='lat' dir='ltr'><strong>Lycia</strong></span> <span class='ocrx_word' id='word_1_8' title='bbox 518 393 634 456; x_wconf 84' lang='lat' dir='ltr'><strong>missos</strong></span> <span class='ocrx_word' id='word_1_9' title='bbox 658 395 690 456; x_wconf 89' lang='lat' dir='ltr'><strong>et</strong></span> <span class='ocrx_word' id='word_1_10' title='bbox 714 389 876 474; x_wconf 82' lang='lat' dir='ltr'>Apollinis</span> <span class='ocrx_word' id='word_1_11' title='bbox 900 391 985 474; x_wconf 85' lang='lat' dir='ltr'><strong>agris</strong></span> <span class='ocrx_word' id='word_1_12' title='bbox 1143 407 1197 454; x_wconf 77' lang='lat' dir='ltr'><strong>tre</strong></span> <span class='ocrx_word' id='word_1_13' title='bbox 1268 399 1269 450; x_wconf 70' lang='lat' dir='ltr'><strong>l</strong></span> 
     </span>
     <span class='ocr_line' id='line_1_3' title="bbox 178 487 1195 572; baseline -0.005 -19"><span class='ocrx_word' id='word_1_14' title='bbox 178 511 297 553; x_wconf 89' lang='lat' dir='ltr'><strong>nomen</strong></span> <span class='ocrx_word' id='word_1_15' title='bbox 320 488 516 553; x_wconf 79' lang='lat' dir='ltr'><strong>Echionium</strong></span> <span class='ocrx_word' id='word_1_16' title='bbox 539 488 716 571; x_wconf 89' lang='lat' dir='ltr'><strong>matrisque</strong></span> <span class='ocrx_word' id='word_1_17' title='bbox 739 507 841 572; x_wconf 85' lang='lat' dir='ltr'><strong>genus</strong></span> <span class='ocrx_word' id='word_1_18' title='bbox 863 487 1016 572; x_wconf 81' lang='lat' dir='ltr'><strong>Peridiae,</strong></span> <span class='ocrx_word' id='word_1_19' title='bbox 1143 503 1195 549; x_wconf 87' lang='grc'><strong>515</strong></span> 
     </span>
     <span class='ocr_line' id='line_1_4' title="bbox 139 584 1066 668; baseline -0.004 -18"><span class='ocrx_word' id='word_1_20' title='bbox 139 625 142 650; x_wconf 69' lang='lat'><em>=</em></span> <span class='ocrx_word' id='word_1_21' title='bbox 180 592 212 650; x_wconf 91' lang='lat' dir='ltr'><strong>et</strong></span> <span class='ocrx_word' id='word_1_22' title='bbox 235 587 383 650; x_wconf 87' lang='lat' dir='ltr'><strong>iuvenem</strong></span> <span class='ocrx_word' id='word_1_23' title='bbox 406 607 540 650; x_wconf 86' lang='lat' dir='ltr'><strong>exosum</strong></span> <span class='ocrx_word' id='word_1_24' title='bbox 561 585 757 668; x_wconf 84' lang='lat' dir='ltr'><strong>nequiquam</strong></span> <span class='ocrx_word' id='word_1_25' title='bbox 780 585 865 650; x_wconf 85' lang='lat' dir='ltr'><strong>bella</strong></span> <span class='ocrx_word' id='word_1_26' title='bbox 886 584 1066 668; x_wconf 77' lang='lat' dir='ltr'><strong>Menoeten,</strong></span> 
     </span>
     <span class='ocr_line' id='line_1_5' title="bbox 179 681 1036 770; baseline -0.005 -22"><span class='ocrx_word' id='word_1_27' title='bbox 179 684 314 770; x_wconf 85' lang='lat' dir='ltr'><strong>Arcada,</strong></span> <span class='ocrx_word' id='word_1_28' title='bbox 337 684 482 768; x_wconf 84' lang='lat' dir='ltr'><strong>piscosae</strong></span> <span class='ocrx_word' id='word_1_29' title='bbox 505 683 699 747; x_wconf 84' lang='lat' dir='ltr'><strong>cuicircum</strong></span> <span class='ocrx_word' id='word_1_30' title='bbox 722 682 855 746; x_wconf 87' lang='lat' dir='ltr'><strong>flumina</strong></span> <span class='ocrx_word' id='word_1_31' title='bbox 876 681 998 745; x_wconf 80' lang='lat' dir='ltr'><strong>Lernae</strong></span> <span class='ocrx_word' id='word_1_32' title='bbox 1034 681 1036 684; x_wconf 74' lang='grc'><strong>’</strong></span> 
     </span>
     <span class='ocr_line' id='line_1_6' title="bbox 133 770 1081 864; baseline -0.006 -19"><span class='ocrx_word' id='word_1_33' title='bbox 133 770 147 838; x_wconf 50' lang='lat' dir='ltr'><strong>i¹</strong></span> <span class='ocrx_word' id='word_1_34' title='bbox 181 804 233 846; x_wconf 90' lang='lat' dir='ltr'><strong>ars</strong></span> <span class='ocrx_word' id='word_1_35' title='bbox 256 783 363 846; x_wconf 84' lang='lat' dir='ltr'><strong>fuerat</strong></span> <span class='ocrx_word' id='word_1_36' title='bbox 386 803 569 864; x_wconf 89' lang='lat' dir='ltr'><strong>pauperque</strong></span> <span class='ocrx_word' id='word_1_37' title='bbox 593 780 707 842; x_wconf 90' lang='lat' dir='ltr'><strong>domus</strong></span> <span class='ocrx_word' id='word_1_38' title='bbox 730 800 788 843; x_wconf 90' lang='lat' dir='ltr'><strong>nec</strong></span> <span class='ocrx_word' id='word_1_39' title='bbox 810 783 888 842; x_wconf 88' lang='lat' dir='ltr'><strong>nota</strong></span> <span class='ocrx_word' id='word_1_40' title='bbox 910 782 1081 861; x_wconf 89' lang='lat' dir='ltr'><strong>potentum</strong></span> 
     </span>
     <span class='ocr_line' id='line_1_7' title="bbox 181 874 1269 961; baseline -0.004 -19"><span class='ocrx_word' id='word_1_41' title='bbox 181 901 313 943; x_wconf 90' lang='lat' dir='ltr'><strong>munera</strong></span> <span class='ocrx_word' id='word_1_42' title='bbox 337 879 556 961; x_wconf 89' lang='lat' dir='ltr'><strong>conductaque</strong></span> <span class='ocrx_word' id='word_1_43' title='bbox 578 885 669 960; x_wconf 89' lang='lat' dir='ltr'><strong>pater</strong></span> <span class='ocrx_word' id='word_1_44' title='bbox 692 876 807 938; x_wconf 87' lang='lat' dir='ltr'><strong>tellure</strong></span> <span class='ocrx_word' id='word_1_45' title='bbox 830 874 963 938; x_wconf 89' lang='lat' dir='ltr'><strong>serebat.</strong></span> <span class='ocrx_word' id='word_1_46' title='bbox 1143 891 1197 938; x_wconf 73' lang='lat'>5⁶20</span> <span class='ocrx_word' id='word_1_47' title='bbox 1268 875 1269 892; x_wconf 63' lang='lat'>¹</span> 
     </span>
     <span class='ocr_line' id='line_1_8' title="bbox 182 972 920 1057; baseline -0.005 -19"><span class='ocrx_word' id='word_1_48' title='bbox 182 997 218 1040; x_wconf 92' lang='lat' dir='ltr'><strong>ac</strong></span> <span class='ocrx_word' id='word_1_49' title='bbox 239 977 328 1040; x_wconf 84' lang='lat' dir='ltr'><strong>velut</strong></span> <span class='ocrx_word' id='word_1_50' title='bbox 350 976 477 1039; x_wconf 86' lang='lat' dir='ltr'><strong>inmissi</strong></span> <span class='ocrx_word' id='word_1_51' title='bbox 502 975 635 1039; x_wconf 88' lang='lat' dir='ltr'><strong>diversis</strong></span> <span class='ocrx_word' id='word_1_52' title='bbox 659 972 809 1057; x_wconf 88' lang='lat' dir='ltr'><strong>partibus</strong></span> <span class='ocrx_word' id='word_1_53' title='bbox 830 972 920 1056; x_wconf 81' lang='lat' dir='ltr'><strong>ignes</strong></span> 
     </span>
     <span class='ocr_line' id='line_1_9' title="bbox 182 1068 1033 1161; baseline -0.002 -29"><span class='ocrx_word' id='word_1_54' title='bbox 182 1074 324 1134; x_wconf 85' lang='lat' dir='ltr'><strong>arentem</strong></span> <span class='ocrx_word' id='word_1_55' title='bbox 346 1071 381 1134; x_wconf 93' lang='lat' dir='ltr'><strong>in</strong></span> <span class='ocrx_word' id='word_1_56' title='bbox 405 1070 518 1134; x_wconf 89' lang='lat' dir='ltr'><strong>silvam</strong></span> <span class='ocrx_word' id='word_1_57' title='bbox 542 1074 574 1136; x_wconf 90' lang='lat' dir='ltr'><strong>et</strong></span> <span class='ocrx_word' id='word_1_58' title='bbox 596 1070 738 1154; x_wconf 79' lang='lat' dir='ltr'><strong>virgulta</strong></span> <span class='ocrx_word' id='word_1_59' title='bbox 762 1069 909 1161; x_wconf 84' lang='lat' dir='ltr'><strong>sonantia</strong></span> <span class='ocrx_word' id='word_1_60' title='bbox 931 1068 1033 1151; x_wconf 83' lang='lat' dir='ltr'><strong>lauro,</strong></span> 
     </span>
     <span class='ocr_line' id='line_1_10' title="bbox 182 1165 960 1249; baseline 0 -19"><span class='ocrx_word' id='word_1_61' title='bbox 182 1170 239 1230; x_wconf 90' lang='lat' dir='ltr'><strong>aut</strong></span> <span class='ocrx_word' id='word_1_62' title='bbox 263 1167 320 1231; x_wconf 94' lang='lat' dir='ltr'><strong>ubi</strong></span> <span class='ocrx_word' id='word_1_63' title='bbox 343 1167 477 1231; x_wconf 88' lang='lat' dir='ltr'><strong>decursu</strong></span> <span class='ocrx_word' id='word_1_64' title='bbox 501 1166 612 1249; x_wconf 88' lang='lat' dir='ltr'><strong>rapido</strong></span> <span class='ocrx_word' id='word_1_65' title='bbox 636 1166 673 1229; x_wconf 91' lang='lat' dir='ltr'><strong>de</strong></span> <span class='ocrx_word' id='word_1_66' title='bbox 696 1166 862 1230; x_wconf 88' lang='lat' dir='ltr'><strong>montibus</strong></span> <span class='ocrx_word' id='word_1_67' title='bbox 886 1165 960 1230; x_wconf 88' lang='lat' dir='ltr'><strong>altis</strong></span> 
     </span>
     <span class='ocr_line' id='line_1_11' title="bbox 182 1263 1162 1347; baseline 0 -21"><span class='ocrx_word' id='word_1_68' title='bbox 182 1264 260 1327; x_wconf 89' lang='lat' dir='ltr'><strong>dant</strong></span> <span class='ocrx_word' id='word_1_69' title='bbox 285 1264 428 1327; x_wconf 89' lang='lat' dir='ltr'><strong>sonitum</strong></span> <span class='ocrx_word' id='word_1_70' title='bbox 451 1263 595 1347; x_wconf 88' lang='lat' dir='ltr'><strong>spumosi</strong></span> <span class='ocrx_word' id='word_1_71' title='bbox 616 1285 726 1328; x_wconf 88' lang='lat' dir='ltr'><strong>amnes</strong></span> <span class='ocrx_word' id='word_1_72' title='bbox 750 1267 782 1328; x_wconf 89' lang='lat' dir='ltr'><strong>et</strong></span> <span class='ocrx_word' id='word_1_73' title='bbox 805 1263 840 1328; x_wconf 90' lang='lat' dir='ltr'><strong>in</strong></span> <span class='ocrx_word' id='word_1_74' title='bbox 863 1284 1002 1345; x_wconf 89' lang='lat' dir='ltr'><strong>aequora</strong></span> <span class='ocrx_word' id='word_1_75' title='bbox 1025 1268 1162 1328; x_wconf 89' lang='lat' dir='ltr'><strong>currunt</strong></span> 
     </span>
     <span class='ocr_line' id='line_1_12' title="bbox 184 1360 1269 1446; baseline 0.002 -24"><span class='ocrx_word' id='word_1_76' title='bbox 184 1360 319 1443; x_wconf 86' lang='lat' dir='ltr'><strong>quisque</strong></span> <span class='ocrx_word' id='word_1_77' title='bbox 343 1383 436 1424; x_wconf 89' lang='lat' dir='ltr'><strong>suum</strong></span> <span class='ocrx_word' id='word_1_78' title='bbox 459 1360 631 1444; x_wconf 87' lang='lat' dir='ltr'><strong>populatus</strong></span> <span class='ocrx_word' id='word_1_79' title='bbox 655 1361 729 1425; x_wconf 87' lang='lat' dir='ltr'><strong>iter:</strong></span> <span class='ocrx_word' id='word_1_80' title='bbox 751 1382 818 1424; x_wconf 91' lang='lat' dir='ltr'><strong>non</strong></span> <span class='ocrx_word' id='word_1_81' title='bbox 841 1360 970 1446; x_wconf 84' lang='lat' dir='ltr'><strong>segnius</strong></span> <span class='ocrx_word' id='word_1_82' title='bbox 995 1360 1091 1424; x_wconf 92' lang='lat' dir='ltr'><strong>ambo</strong></span> <span class='ocrx_word' id='word_1_83' title='bbox 1144 1377 1197 1424; x_wconf 79' lang='lat'><strong>525</strong></span> <span class='ocrx_word' id='word_1_84' title='bbox 1268 1365 1269 1434; x_wconf 59' lang='grc' dir='ltr'>ἶ</span> 
     </span>
     <span class='ocr_line' id='line_1_13' title="bbox 182 1456 1099 1541; baseline 0 -21"><span class='ocrx_word' id='word_1_85' title='bbox 182 1459 307 1520; x_wconf 85' lang='lat' dir='ltr'><strong>Aeneas</strong></span> <span class='ocrx_word' id='word_1_86' title='bbox 331 1456 522 1539; x_wconf 85' lang='lat' dir='ltr'><strong>Turnusque</strong></span> <span class='ocrx_word' id='word_1_87' title='bbox 545 1461 642 1521; x_wconf 89' lang='lat' dir='ltr'><strong>ruont</strong></span> <span class='ocrx_word' id='word_1_88' title='bbox 665 1480 722 1540; x_wconf 87' lang='lat' dir='ltr'><strong>per</strong></span> <span class='ocrx_word' id='word_1_89' title='bbox 745 1458 881 1541; x_wconf 78' lang='lat' dir='ltr'><strong>proelia3</strong></span> <span class='ocrx_word' id='word_1_90' title='bbox 904 1478 990 1521; x_wconf 88' lang='lat' dir='ltr'><strong>nunc</strong></span> <span class='ocrx_word' id='word_1_91' title='bbox 1011 1478 1099 1520; x_wconf 88' lang='lat' dir='ltr'><strong>nunc</strong></span> 
     </span>
     <span class='ocr_line' id='line_1_14' title="bbox 183 1553 961 1638; baseline 0 -22"><span class='ocrx_word' id='word_1_92' title='bbox 183 1553 317 1617; x_wconf 88' lang='lat' dir='ltr'><strong>fluctuat</strong></span> <span class='ocrx_word' id='word_1_93' title='bbox 340 1554 388 1618; x_wconf 92' lang='lat' dir='ltr'><strong>ira</strong></span> <span class='ocrx_word' id='word_1_94' title='bbox 411 1554 509 1638; x_wconf 81' lang='lat' dir='ltr'><strong>intus,</strong></span> <span class='ocrx_word' id='word_1_95' title='bbox 532 1558 725 1636; x_wconf 89' lang='lat' dir='ltr'><strong>rumpuntur</strong></span> <span class='ocrx_word' id='word_1_96' title='bbox 746 1555 854 1618; x_wconf 85' lang='lat' dir='ltr'><strong>nescia</strong></span> <span class='ocrx_word' id='word_1_97' title='bbox 876 1554 961 1618; x_wconf 84' lang='lat' dir='ltr'><strong>vinci</strong></span> 
     </span>
     <span class='ocr_line' id='line_1_15' title="bbox 182 1647 986 1734; baseline 0.002 -22"><span class='ocrx_word' id='word_1_98' title='bbox 182 1652 322 1734; x_wconf 80' lang='lat' dir='ltr'><strong>pectora,</strong></span> <span class='ocrx_word' id='word_1_99' title='bbox 344 1670 429 1711; x_wconf 89' lang='lat' dir='ltr'><strong>nunc</strong></span> <span class='ocrx_word' id='word_1_100' title='bbox 451 1647 531 1711; x_wconf 86' lang='lat' dir='ltr'><strong>totis</strong></span> <span class='ocrx_word' id='word_1_101' title='bbox 555 1647 590 1710; x_wconf 92' lang='lat' dir='ltr'><strong>in</strong></span> <span class='ocrx_word' id='word_1_102' title='bbox 613 1651 744 1714; x_wconf 81' lang='lat' dir='ltr'><strong>volnera</strong></span> <span class='ocrx_word' id='word_1_103' title='bbox 766 1651 889 1715; x_wconf 84' lang='lat' dir='ltr'><strong>viribus</strong></span> <span class='ocrx_word' id='word_1_104' title='bbox 912 1651 986 1715; x_wconf 90' lang='lat' dir='ltr'><strong>itur.</strong></span> 
     </span>
     <span class='ocr_line' id='line_1_16' title="bbox 183 1745 1269 1831; baseline 0.004 -23"><span class='ocrx_word' id='word_1_105' title='bbox 183 1745 371 1808; x_wconf 88' lang='lat' dir='ltr'><strong>Murranum</strong></span> <span class='ocrx_word' id='word_1_106' title='bbox 392 1745 455 1830; x_wconf 80' lang='lat' dir='ltr'><strong>hie,</strong></span> <span class='ocrx_word' id='word_1_107' title='bbox 478 1749 588 1809; x_wconf 84' lang='lat' dir='ltr'><strong>atavos</strong></span> <span class='ocrx_word' id='word_1_108' title='bbox 613 1751 645 1809; x_wconf 94' lang='lat' dir='ltr'><strong>et</strong></span> <span class='ocrx_word' id='word_1_109' title='bbox 668 1769 801 1812; x_wconf 89' lang='lat' dir='ltr'><strong>avorum</strong></span> <span class='ocrx_word' id='word_1_110' title='bbox 824 1748 957 1831; x_wconf 87' lang='lat' dir='ltr'><strong>antiqua</strong></span> <span class='ocrx_word' id='word_1_111' title='bbox 980 1753 1151 1812; x_wconf 89' lang='lat' dir='ltr'><strong>sonantem</strong></span> <span class='ocrx_word' id='word_1_112' title='bbox 1268 1807 1269 1828; x_wconf 28' lang='lat' dir='ltr'><strong>q</strong></span> 
     </span>
     <span class='ocr_line' id='line_1_17' title="bbox 183 1834 1269 1931; baseline 0.008 -27"><span class='ocrx_word' id='word_1_113' title='bbox 183 1841 313 1905; x_wconf 89' lang='lat' dir='ltr'><strong>nomina</strong></span> <span class='ocrx_word' id='word_1_114' title='bbox 335 1864 392 1925; x_wconf 90' lang='lat' dir='ltr'><strong>per</strong></span> <span class='ocrx_word' id='word_1_115' title='bbox 414 1863 568 1926; x_wconf 85' lang='lat' dir='ltr'><strong>regesque</strong></span> <span class='ocrx_word' id='word_1_116' title='bbox 592 1846 699 1908; x_wconf 90' lang='lat' dir='ltr'><strong>actum</strong></span> <span class='ocrx_word' id='word_1_117' title='bbox 721 1866 822 1929; x_wconf 85' lang='lat' dir='ltr'><strong>genus</strong></span> <span class='ocrx_word' id='word_1_118' title='bbox 848 1866 940 1910; x_wconf 90' lang='lat' dir='ltr'><strong>omne</strong></span> <span class='ocrx_word' id='word_1_119' title='bbox 963 1844 1110 1931; x_wconf 66' lang='lat' dir='ltr'><strong>Latium,</strong></span> <span class='ocrx_word' id='word_1_120' title='bbox 1143 1834 1197 1912; x_wconf 81' lang='grc'><strong>530</strong></span> <span class='ocrx_word' id='word_1_121' title='bbox 1268 1889 1269 1930; x_wconf 73' lang='lat'>3</span> 
     </span>
     <span class='ocr_line' id='line_1_18' title="bbox 184 1939 1077 2025; baseline 0.003 -23"><span class='ocrx_word' id='word_1_122' title='bbox 184 1941 389 2024; x_wconf 89' lang='lat' dir='ltr'><strong>praecipitem</strong></span> <span class='ocrx_word' id='word_1_123' title='bbox 413 1939 544 2022; x_wconf 84' lang='lat' dir='ltr'><strong>scopulo</strong></span> <span class='ocrx_word' id='word_1_124' title='bbox 569 1941 665 2022; x_wconf 90' lang='lat' dir='ltr'><strong>atque</strong></span> <span class='ocrx_word' id='word_1_125' title='bbox 688 1940 830 2025; x_wconf 79' lang='lat' dir='ltr'><strong>ingentis</strong></span> <span class='ocrx_word' id='word_1_126' title='bbox 853 1941 984 2004; x_wconf 88' lang='lat' dir='ltr'><strong>turbine</strong></span> <span class='ocrx_word' id='word_1_127' title='bbox 1007 1943 1077 2006; x_wconf 86' lang='lat' dir='ltr'><strong>saxi</strong></span> 
     </span>
     <span class='ocr_line' id='line_1_19' title="bbox 184 2036 1127 2122; baseline 0.003 -21"><span class='ocrx_word' id='word_1_128' title='bbox 184 2037 305 2101; x_wconf 83' lang='lat' dir='ltr'><strong>excutit</strong></span> <span class='ocrx_word' id='word_1_129' title='bbox 329 2037 526 2121; x_wconf 88' lang='lat' dir='ltr'><strong>effunditque</strong></span> <span class='ocrx_word' id='word_1_130' title='bbox 550 2037 633 2101; x_wconf 89' lang='lat' dir='ltr'><strong>solo:</strong></span> <span class='ocrx_word' id='word_1_131' title='bbox 656 2036 741 2100; x_wconf 90' lang='lat' dir='ltr'><strong>hunc</strong></span> <span class='ocrx_word' id='word_1_132' title='bbox 764 2039 834 2102; x_wconf 89' lang='lat' dir='ltr'><strong>lora</strong></span> <span class='ocrx_word' id='word_1_133' title='bbox 858 2043 889 2102; x_wconf 89' lang='lat' dir='ltr'><strong>et</strong></span> <span class='ocrx_word' id='word_1_134' title='bbox 913 2039 989 2122; x_wconf 80' lang='lat' dir='ltr'><strong>iuga</strong></span> <span class='ocrx_word' id='word_1_135' title='bbox 1013 2040 1127 2104; x_wconf 77' lang='lat' dir='ltr'><strong>subter</strong></span> 
     </span>
     <span class='ocr_line' id='line_1_20' title="bbox 184 2134 1010 2219; baseline 0 -21"><span class='ocrx_word' id='word_1_136' title='bbox 184 2134 370 2218; x_wconf 85' lang='lat' dir='ltr'><strong>provolvere</strong></span> <span class='ocrx_word' id='word_1_137' title='bbox 392 2137 492 2219; x_wconf 79' lang='lat' dir='ltr'><strong>rotae,</strong></span> <span class='ocrx_word' id='word_1_138' title='bbox 515 2134 626 2197; x_wconf 88' lang='lat' dir='ltr'><strong>erebro</strong></span> <span class='ocrx_word' id='word_1_139' title='bbox 651 2155 746 2216; x_wconf 87' lang='lat' dir='ltr'><strong>super</strong></span> <span class='ocrx_word' id='word_1_140' title='bbox 769 2135 891 2218; x_wconf 82' lang='lat' dir='ltr'><strong>ungula</strong></span> <span class='ocrx_word' id='word_1_141' title='bbox 914 2135 1010 2218; x_wconf 84' lang='lat' dir='ltr'><strong>pulsu</strong></span> 
     </span>
     <span class='ocr_line' id='line_1_21' title="bbox 184 2231 1073 2316; baseline 0.001 -20"><span class='ocrx_word' id='word_1_142' title='bbox 184 2233 282 2296; x_wconf 91' lang='lat' dir='ltr'><strong>incita</strong></span> <span class='ocrx_word' id='word_1_143' title='bbox 304 2252 362 2294; x_wconf 91' lang='lat' dir='ltr'><strong>nec</strong></span> <span class='ocrx_word' id='word_1_144' title='bbox 385 2231 505 2294; x_wconf 90' lang='lat' dir='ltr'><strong>domini</strong></span> <span class='ocrx_word' id='word_1_145' title='bbox 527 2251 704 2295; x_wconf 90' lang='lat' dir='ltr'><strong>memorum</strong></span> <span class='ocrx_word' id='word_1_146' title='bbox 726 2233 890 2314; x_wconf 85' lang='lat' dir='ltr'><strong>proculcat</strong></span> <span class='ocrx_word' id='word_1_147' title='bbox 910 2253 1073 2316; x_wconf 91' lang='lat' dir='ltr'><strong>equorum.</strong></span> 
     </span>
     <span class='ocr_line' id='line_1_22' title="bbox 183 2326 1269 2410; baseline 0.005 -16"><span class='ocrx_word' id='word_1_148' title='bbox 183 2331 238 2394; x_wconf 90' lang='lat' dir='ltr'><strong>ille</strong></span> <span class='ocrx_word' id='word_1_149' title='bbox 261 2328 367 2392; x_wconf 88' lang='lat' dir='ltr'><strong>ruenti</strong></span> <span class='ocrx_word' id='word_1_150' title='bbox 389 2326 488 2410; x_wconf 87' lang='lat' dir='ltr'><strong>Hyllo</strong></span> <span class='ocrx_word' id='word_1_151' title='bbox 512 2328 691 2410; x_wconf 89' lang='lat' dir='ltr'><strong>animisque</strong></span> <span class='ocrx_word' id='word_1_152' title='bbox 714 2327 852 2392; x_wconf 89' lang='lat' dir='ltr'><strong>immane</strong></span> <span class='ocrx_word' id='word_1_153' title='bbox 876 2329 1026 2393; x_wconf 86' lang='lat' dir='ltr'><strong>frementi</strong></span> <span class='ocrx_word' id='word_1_154' title='bbox 1144 2353 1196 2400; x_wconf 84' lang='grc'><strong>535</strong></span> <span class='ocrx_word' id='word_1_155' title='bbox 1268 2351 1269 2360; x_wconf 74' lang='grc'>’</span> 
     </span>
     <span class='ocr_line' id='line_1_23' title="bbox 185 2424 1039 2509; baseline 0 -19"><span class='ocrx_word' id='word_1_156' title='bbox 185 2425 322 2490; x_wconf 90' lang='lat' dir='ltr'><strong>occurrit</strong></span> <span class='ocrx_word' id='word_1_157' title='bbox 345 2424 508 2507; x_wconf 89' lang='lat' dir='ltr'><strong>telumque</strong></span> <span class='ocrx_word' id='word_1_158' title='bbox 532 2428 643 2487; x_wconf 89' lang='lat' dir='ltr'><strong>aurata</strong></span> <span class='ocrx_word' id='word_1_159' title='bbox 666 2424 706 2486; x_wconf 88' lang='lat' dir='ltr'><strong>ad</strong></span> <span class='ocrx_word' id='word_1_160' title='bbox 728 2428 874 2508; x_wconf 91' lang='lat' dir='ltr'><strong>tempora</strong></span> <span class='ocrx_word' id='word_1_161' title='bbox 896 2429 1039 2509; x_wconf 88' lang='lat' dir='ltr'><strong>torquet:</strong></span> 
     </span>
     <span class='ocr_line' id='line_1_24' title="bbox 185 2520 947 2605; baseline -0.001 -18"><span class='ocrx_word' id='word_1_162' title='bbox 185 2524 241 2587; x_wconf 92' lang='lat' dir='ltr'><strong>olli</strong></span> <span class='ocrx_word' id='word_1_163' title='bbox 264 2544 321 2605; x_wconf 91' lang='lat' dir='ltr'><strong>per</strong></span> <span class='ocrx_word' id='word_1_164' title='bbox 343 2520 467 2605; x_wconf 85' lang='lat' dir='ltr'><strong>galeam</strong></span> <span class='ocrx_word' id='word_1_165' title='bbox 488 2521 553 2584; x_wconf 84' lang='lat' dir='ltr'><strong>fixo</strong></span> <span class='ocrx_word' id='word_1_166' title='bbox 578 2521 670 2584; x_wconf 89' lang='lat' dir='ltr'><strong>stetit</strong></span> <span class='ocrx_word' id='word_1_167' title='bbox 692 2520 787 2585; x_wconf 87' lang='lat' dir='ltr'><strong>hasta</strong></span> <span class='ocrx_word' id='word_1_168' title='bbox 810 2523 947 2587; x_wconf 90' lang='lat' dir='ltr'><strong>cerebro.</strong></span> 
     </span>
     <span class='ocr_line' id='line_1_25' title="bbox 184 2615 1060 2709; baseline 0.002 -25"><span class='ocrx_word' id='word_1_169' title='bbox 184 2621 314 2684; x_wconf 88' lang='lat' dir='ltr'><strong>dextera</strong></span> <span class='ocrx_word' id='word_1_170' title='bbox 334 2638 393 2681; x_wconf 92' lang='lat' dir='ltr'><strong>nec</strong></span> <span class='ocrx_word' id='word_1_171' title='bbox 415 2623 472 2680; x_wconf 90' lang='lat' dir='ltr'><strong>tua</strong></span> <span class='ocrx_word' id='word_1_172' title='bbox 494 2621 536 2702; x_wconf 81' lang='lat' dir='ltr'><strong>te,</strong></span> <span class='ocrx_word' id='word_1_173' title='bbox 560 2615 693 2682; x_wconf 80' lang='lat' dir='ltr'><strong>Graium</strong></span> <span class='ocrx_word' id='word_1_174' title='bbox 716 2619 893 2684; x_wconf 83' lang='lat' dir='ltr'><strong>fortissime</strong></span> <span class='ocrx_word' id='word_1_175' title='bbox 912 2618 1060 2709; x_wconf 75' lang='lat' dir='ltr'><strong>Cretheu,</strong></span> 
     </span>
     <span class='ocr_line' id='line_1_26' title="bbox 185 2714 937 2800; baseline 0.001 -19"><span class='ocrx_word' id='word_1_176' title='bbox 185 2717 303 2799; x_wconf 90' lang='lat' dir='ltr'><strong>eripuit</strong></span> <span class='ocrx_word' id='word_1_177' title='bbox 326 2715 442 2778; x_wconf 81' lang='lat' dir='ltr'><strong>Turno</strong></span> <span class='ocrx_word' id='word_1_178' title='bbox 488 2735 546 2777; x_wconf 89' lang='lat' dir='ltr'><strong>nco</strong></span> <span class='ocrx_word' id='word_1_179' title='bbox 569 2714 601 2777; x_wconf 93' lang='lat' dir='ltr'><strong>di</strong></span> <span class='ocrx_word' id='word_1_180' title='bbox 624 2718 731 2778; x_wconf 84' lang='lat' dir='ltr'><strong>texere</strong></span> <span class='ocrx_word' id='word_1_181' title='bbox 755 2714 937 2800; x_wconf 77' lang='lat' dir='ltr'><strong>Cupencum</strong></span> 
     </span>
     <span class='ocr_line' id='line_1_27' title="bbox 184 2811 1269 2885; baseline -0.004 -9"><span class='ocrx_word' id='word_1_182' title='bbox 184 2813 292 2876; x_wconf 79' lang='lat' dir='ltr'><strong>Aenea</strong></span> <span class='ocrx_word' id='word_1_183' title='bbox 314 2812 461 2876; x_wconf 84' lang='lat' dir='ltr'><strong>veniente</strong></span> <span class='ocrx_word' id='word_1_184' title='bbox 485 2811 548 2874; x_wconf 87' lang='lat' dir='ltr'><strong>sui:</strong></span> <span class='ocrx_word' id='word_1_185' title='bbox 573 2811 660 2874; x_wconf 87' lang='lat' dir='ltr'><strong>dedit</strong></span> <span class='ocrx_word' id='word_1_186' title='bbox 684 2812 779 2876; x_wconf 85' lang='lat' dir='ltr'><strong>obvia</strong></span> <span class='ocrx_word' id='word_1_187' title='bbox 801 2814 886 2878; x_wconf 86' lang='lat' dir='ltr'><strong>ferro</strong></span> <span class='ocrx_word' id='word_1_188' title='bbox 1145 2837 1197 2885; x_wconf 74' lang='grc'><strong>540</strong></span> <span class='ocrx_word' id='word_1_189' title='bbox 1268 2811 1269 2872; x_wconf 56' lang='lat'>³</span> 
     </span>
     <span class='ocr_line' id='line_1_28' title="bbox 185 2909 1032 2994; baseline 0.001 -21"><span class='ocrx_word' id='word_1_190' title='bbox 185 2913 324 2994; x_wconf 71' lang='lat' dir='ltr'><strong>pectora,</strong></span> <span class='ocrx_word' id='word_1_191' title='bbox 345 2930 403 2972; x_wconf 91' lang='lat' dir='ltr'><strong>nec</strong></span> <span class='ocrx_word' id='word_1_192' title='bbox 426 2909 542 2971; x_wconf 89' lang='lat' dir='ltr'><strong>misero</strong></span> <span class='ocrx_word' id='word_1_193' title='bbox 567 2909 660 2992; x_wconf 90' lang='lat' dir='ltr'><strong>clipei</strong></span> <span class='ocrx_word' id='word_1_194' title='bbox 682 2933 773 2974; x_wconf 92' lang='lat' dir='ltr'><strong>mora</strong></span> <span class='ocrx_word' id='word_1_195' title='bbox 795 2911 918 2992; x_wconf 86' lang='lat' dir='ltr'><strong>profuit</strong></span> <span class='ocrx_word' id='word_1_196' title='bbox 942 2912 1032 2974; x_wconf 90' lang='lat' dir='ltr'><strong>aerei.</strong></span> 
     </span>
     <span class='ocr_line' id='line_1_29' title="bbox 185 3003 1005 3093; baseline 0 -23"><span class='ocrx_word' id='word_1_197' title='bbox 185 3014 217 3070; x_wconf 88' lang='lat' dir='ltr'><strong>te</strong></span> <span class='ocrx_word' id='word_1_198' title='bbox 241 3029 367 3090; x_wconf 91' lang='lat' dir='ltr'><strong>quoque</strong></span> <span class='ocrx_word' id='word_1_199' title='bbox 392 3003 568 3069; x_wconf 88' lang='lat' dir='ltr'><strong>Laurentes</strong></span> <span class='ocrx_word' id='word_1_200' title='bbox 592 3004 749 3091; x_wconf 76' lang='lat' dir='ltr'><strong>uiderunt,</strong></span> <span class='ocrx_word' id='word_1_201' title='bbox 771 3006 881 3093; x_wconf 57' lang='lat' dir='ltr'><strong>thecle,</strong></span> <span class='ocrx_word' id='word_1_202' title='bbox 903 3008 1005 3090; x_wconf 89' lang='lat' dir='ltr'><strong>campi</strong></span> 
     </span>
     <span class='ocr_line' id='line_1_30' title="bbox 186 3103 971 3188; baseline 0.001 -21"><span class='ocrx_word' id='word_1_203' title='bbox 186 3108 336 3187; x_wconf 89' lang='lat' dir='ltr'><strong>oppetere</strong></span> <span class='ocrx_word' id='word_1_204' title='bbox 360 3107 391 3166; x_wconf 90' lang='lat' dir='ltr'><strong>et</strong></span> <span class='ocrx_word' id='word_1_205' title='bbox 414 3103 479 3166; x_wconf 91' lang='lat' dir='ltr'><strong>late</strong></span> <span class='ocrx_word' id='word_1_206' title='bbox 502 3106 621 3166; x_wconf 91' lang='lat' dir='ltr'><strong>terram</strong></span> <span class='ocrx_word' id='word_1_207' title='bbox 643 3108 848 3167; x_wconf 89' lang='lat' dir='ltr'><strong>consternere</strong></span> <span class='ocrx_word' id='word_1_208' title='bbox 871 3109 971 3188; x_wconf 83' lang='lat' dir='ltr'><strong>terge.</strong></span> 
     </span>
     <span class='ocr_line' id='line_1_31' title="bbox 186 3199 1034 3285; baseline 0 -21"><span class='ocrx_word' id='word_1_209' title='bbox 186 3200 312 3283; x_wconf 78' lang='lat' dir='ltr'><strong>occidis,</strong></span> <span class='ocrx_word' id='word_1_210' title='bbox 335 3199 475 3284; x_wconf 83' lang='lat' dir='ltr'><strong>Argivae</strong></span> <span class='ocrx_word' id='word_1_211' title='bbox 499 3221 593 3282; x_wconf 91' lang='lat' dir='ltr'><strong>quem</strong></span> <span class='ocrx_word' id='word_1_212' title='bbox 615 3221 680 3263; x_wconf 89' lang='lat' dir='ltr'><strong>non</strong></span> <span class='ocrx_word' id='word_1_213' title='bbox 703 3205 837 3283; x_wconf 89' lang='lat' dir='ltr'><strong>potuere</strong></span> <span class='ocrx_word' id='word_1_214' title='bbox 859 3201 1034 3285; x_wconf 87' lang='lat' dir='ltr'><strong>phalanges</strong></span> 
     </span>
     <span class='ocr_line' id='line_1_32' title="bbox 187 3293 1269 3381; baseline 0.005 -21"><span class='ocrx_word' id='word_1_215' title='bbox 187 3301 328 3360; x_wconf 88' lang='lat' dir='ltr'><strong>sternere</strong></span> <span class='ocrx_word' id='word_1_216' title='bbox 350 3317 409 3359; x_wconf 89' lang='lat' dir='ltr'><strong>nec</strong></span> <span class='ocrx_word' id='word_1_217' title='bbox 431 3294 551 3358; x_wconf 89' lang='lat' dir='ltr'><strong>Priami</strong></span> <span class='ocrx_word' id='word_1_218' title='bbox 574 3317 747 3380; x_wconf 85' lang='lat' dir='ltr'><strong>regnorum</strong></span> <span class='ocrx_word' id='word_1_219' title='bbox 771 3319 898 3362; x_wconf 88' lang='lat' dir='ltr'><strong>eversor</strong></span> <span class='ocrx_word' id='word_1_220' title='bbox 920 3296 1077 3381; x_wconf 80' lang='lat' dir='ltr'><strong>Achilles3</strong></span> <span class='ocrx_word' id='word_1_221' title='bbox 1147 3317 1196 3365; x_wconf 74' lang='lat'><strong>545</strong></span> <span class='ocrx_word' id='word_1_222' title='bbox 1268 3293 1269 3316; x_wconf 66' lang='lat'>³</span> 
     </span>
     <span class='ocr_line' id='line_1_33' title="bbox 185 3392 1107 3476; baseline 0.002 -20"><span class='ocrx_word' id='word_1_223' title='bbox 185 3393 238 3456; x_wconf 93' lang='lat' dir='ltr'><strong>hic</strong></span> <span class='ocrx_word' id='word_1_224' title='bbox 261 3393 323 3454; x_wconf 87' lang='lat' dir='ltr'><strong>tibi</strong></span> <span class='ocrx_word' id='word_1_225' title='bbox 346 3392 461 3455; x_wconf 88' lang='lat' dir='ltr'><strong>mortis</strong></span> <span class='ocrx_word' id='word_1_226' title='bbox 485 3397 574 3456; x_wconf 89' lang='lat' dir='ltr'><strong>crant</strong></span> <span class='ocrx_word' id='word_1_227' title='bbox 597 3397 713 3457; x_wconf 89' lang='lat' dir='ltr'><strong>metae:</strong></span> <span class='ocrx_word' id='word_1_228' title='bbox 737 3394 849 3458; x_wconf 90' lang='lat' dir='ltr'><strong>domus</strong></span> <span class='ocrx_word' id='word_1_229' title='bbox 874 3394 939 3458; x_wconf 91' lang='lat' dir='ltr'><strong>alta</strong></span> <span class='ocrx_word' id='word_1_230' title='bbox 962 3394 1021 3457; x_wconf 91' lang='lat' dir='ltr'><strong>sub</strong></span> <span class='ocrx_word' id='word_1_231' title='bbox 1041 3394 1107 3476; x_wconf 90' lang='lat' dir='ltr'><strong>Ida,</strong></span> 
     </span>
     <span class='ocr_line' id='line_1_34' title="bbox 186 3487 1065 3574; baseline 0.007 -25"><span class='ocrx_word' id='word_1_232' title='bbox 186 3488 322 3571; x_wconf 88' lang='lat' dir='ltr'><strong>Lyrnesi</strong></span> <span class='ocrx_word' id='word_1_233' title='bbox 346 3487 459 3551; x_wconf 88' lang='lat' dir='ltr'><strong>domus</strong></span> <span class='ocrx_word' id='word_1_234' title='bbox 483 3488 558 3572; x_wconf 83' lang='lat' dir='ltr'><strong>alta,</strong></span> <span class='ocrx_word' id='word_1_235' title='bbox 581 3490 650 3552; x_wconf 89' lang='lat' dir='ltr'><strong>solo</strong></span> <span class='ocrx_word' id='word_1_236' title='bbox 674 3489 832 3554; x_wconf 90' lang='lat' dir='ltr'><strong>Laurente</strong></span> <span class='ocrx_word' id='word_1_237' title='bbox 856 3489 1065 3574; x_wconf 86' lang='lat' dir='ltr'><strong>sepulchrum.</strong></span> 
     </span>
    </p>
   </div>
   <div class='ocr_carea' id='block_1_3' title="bbox 0 0 1288 3966">
    <p class='ocr_par' dir='ltr' id='par_1_3' title="bbox 0 0 1288 3966">
     <span class='ocr_line' id='line_1_35' title="bbox 0 0 1288 3966; baseline 0 0"><span class='ocrx_word' id='word_1_238' title='bbox 0 0 1288 3966; x_wconf 95' lang='lat' dir='ltr'><strong> </strong></span> 
     </span>
    </p>
   </div>
  </div>
 </body>
</html>
