2538 3970
386 209 534 264 VERGILI
552 209 685 264 nabars
705 210 755 265 Vll
1006 210 1069 276 257

66 371 181 436 talibus
204 370 373 436 Aeneadae
396 372 488 436 donis
513 371 670 455 dictisque
694 371 803 437 Latini

67 469 215 534 sublimes
239 469 276 534 in
299 469 389 552 equis
413 469 548 533 redeunt
570 491 743 554 pacemque
766 474 942 554 reportant.
1019 483 1071 534 000

109 565 188 631 Ecce
210 570 319 630 autem
342 565 481 630 Inachiis
505 587 574 630 sese
597 565 755 630 referebat
778 566 818 630 ab
842 565 939 650 Argis

66 685 156 729 saeva
177 662 264 728 Iovis
289 663 427 726 coniunx
452 683 610 746 aurasque
633 662 758 726 invecta
781 661 921 748 tenebat,

64 765 96 824 et
119 760 237 825 laetum
260 759 393 824 Aenean
415 759 612 842 classemque
636 781 674 822 ex
697 759 825 823 aethere
848 759 944 844 longe

65 857 255 922 Dardaniam
281 854 389 922 Siculo
414 857 580 940 prospexit
604 857 747 940 abusque
769 855 927 940 Pachyno.

64 955 168 1019 moliri
189 955 255 1018 iam
278 957 364 1018 tecta
386 954 483 1039 videt,
505 954 569 1017 iam
591 953 688 1018 fidere
711 959 823 1039 terrae,

65 1052 241 1116 deseruisse
264 1055 366 1116 rates:
391 1051 483 1115 stetit
507 1051 572 1114 acri
594 1051 658 1116 fixa
681 1051 799 1116 dolore.
928 1080 931 1097 ·
1011 1101 1025 1114 ..

64 1152 132 1212 tum
156 1169 314 1232 quassans
339 1152 435 1231 eaput
457 1146 536 1212 haec
559 1147 693 1212 effimdit
715 1151 844 1231 pectore
867 1146 964 1211 dieta:
1017 1145 1027 1162 ⁴

65 1246 135 1310 ‘hau
159 1245 290 1329 stirpem
316 1245 454 1308 invisam
478 1249 511 1309 et
533 1245 610 1309 fatis
633 1245 794 1310 contraria
816 1244 937 1308 nostris

64 1344 128 1407 fata
150 1340 330 1428 Phrygum!
353 1363 431 1406 num
456 1339 561 1427 Sigeis
585 1342 771 1406 occumbere
794 1341 924 1427 campis,

65 1463 141 1504 num
165 1440 251 1523 capti
274 1443 409 1523 potuere
433 1439 525 1523 capi?
548 1461 626 1502 num
648 1439 778 1504 incensa
801 1439 953 1504 cremavit
1019 1453 1069 1502 ato

64 1536 158 1602 licia
179 1537 288 1602 viros?
312 1537 432 1602 medias
457 1537 539 1601 acies
562 1535 748 1620 mediosque
770 1559 827 1619 per
849 1536 934 1620 ignis

64 1634 208 1699 invenere
230 1633 323 1698 viam.
371 1639 414 1719 at,
437 1634 539 1718 creda,
561 1655 632 1697 mea
654 1632 786 1696 numina
807 1631 937 1697 tandem

64 1732 145 1795 fessa
167 1732 271 1796 iacent
297 1731 378 1795 odiis
403 1735 459 1795 000
482 1733 667 1795 exsaturata
690 1729 806 1814 quievi,

66 1829 139 1911 quin
163 1828 260 1893 etiam
284 1828 389 1911 patria
412 1848 561 1892 excussos
585 1827 704 1890 infesta
727 1847 783 1909 per
806 1825 908 1890 undas

65 1947 136 1989 ausa
161 1925 252 2009 sequi
276 1929 308 1989 et
331 1923 479 2008 profugis
503 1927 574 1988 toto
596 1945 647 1987 me
671 1943 831 2006 opponere
854 1926 962 2005 ponte.
1017 1938 1069 1988 000

65 2021 250 2106 absumptae
272 2021 308 2086 in
332 2021 471 2086 Teucros
495 2021 579 2085 vires
603 2020 744 2103 caelique
767 2019 935 2103 marisque.

65 2119 137 2202 quid
160 2117 273 2202 Syrtes
298 2123 354 2183 aut
378 2116 485 2202 Scylla
507 2117 598 2202 mihi,
621 2117 698 2200 quid
720 2121 813 2182 vasta
836 2113 1015 2201 Charybdis

66 2215 204 2297 profuit?
229 2218 341 2299 optato
366 2215 547 2280 conduntur
570 2213 742 2296 Thybridis
767 2213 867 2299 alve0,

67 2313 162 2390 securi
186 2312 293 2400 pelagi
317 2316 413 2404 atque
436 2313 507 2377 mei.
553 2311 640 2376 Mars
663 2312 794 2394 perdere
817 2315 946 2396 gentem

67 2407 232 2474 immanem
254 2407 430 2494 Lapithum
453 2409 565 2494 valuit,
589 2409 747 2473 concessit
769 2409 804 2474 in
826 2409 891 2472 iras
1018 2426 1069 2476 000

66 2505 128 2588 ipse
151 2507 246 2570 deum
270 2505 437 2590 antiquam
461 2505 588 2591 genitor
612 2504 775 2589 Calydona
796 2505 927 2592 Dianae,

68 2603 145 2685 quod
160 2604 263 2668 scelus
278 2609 334 2667 aut
348 2601 496 2687 Lapithis
512 2605 638 2666 tantum
654 2605 709 2666 aut
725 2601 886 2686 (lalydone
907 2605 1069 2668 merente?

68 2703 112 2764 est
134 2721 192 2786 ego
216 2721 334 2784 magna
356 2699 442 2764 Iovis
464 2700 615 2784 coniunx,
637 2700 686 2764 nil
709 2700 853 2784 linquere
876 2700 1025 2765 inausum

68 2817 141 2878 quae
162 2799 256 2883 potui
279 2797 400 2884 infelix,
424 2819 505 2882 quae
527 2801 643 2861 memet
666 2797 701 2860 in
724 2797 831 2861 omnia
855 2798 946 2884 verti,

68 2893 169 2959 uincor
192 2895 233 2959 ab
256 2893 374 2960 Aenea.
422 2894 508 2980 quod
532 2895 560 2958 si
583 2916 654 2958 mea
675 2894 809 2958 numina
830 2915 897 2958 non
927 2901 1069 2962 suntote

69 3009 176 3076 magna
191 2992 281 3079 satis,
303 2991 447 3056 dubitem
460 2991 540 3055 haut
559 2992 705 3076 equidem
724 2992 895 3074 implorare
915 2993 1000 3076 quod
1019 3015 1069 3059 00-

634 3111 730 3172 quam
754 3093 815 3153 est:

931 1007 936 1045 Ι
1018 969 1070 1018 290

69 3181 184 3252 flectere
208 3186 236 3250 si
259 3206 384 3270 nequeo
408 3206 550 3272 superos,
573 3183 758 3250 Acheronta
780 3186 924 3253 movebo.

69 3299 128 3345 non
148 3283 277 3348 dabitur
299 3283 407 3368 regnis
432 3279 532 3370 (esto)
557 3281 727 3365 prohibere
750 3279 884 3368 Latinis,

71 3380 156 3462 atquc
178 3381 312 3445 immota
336 3383 444 3445 manet
467 3379 542 3443 fatis
567 3377 700 3444 Lavinia
724 3379 877 3444 coniunx:

71 3475 241 3542 attrahere
265 3481 363 3560 atque
385 3498 491 3541 moras
515 3476 615 3540 tantis
639 3475 714 3539 licet
738 3476 849 3541 addere
874 3477 979 3562 rebus,
1016 3495 1067 3542 010

117 3589 228 3640 marren,
243 3591 328 3642 Vergil.
872 3585 904 3634 1⁷
