2612 3964
207 211 269 273 116
556 208 701 263 vnssmi
720 210 851 264 innuis
870 195 900 263 1'

203 371 378 452 paeniteat:
402 374 478 434 sunt
501 375 533 435 et
556 367 673 434 Siculis
696 372 882 456 regionibus
906 373 1003 437 urbes

203 488 368 551 armaque,
391 467 594 551 Troianoque
617 490 636 531 a
659 469 814 552 sanguine
837 470 940 532 clarus
963 469 1106 535 Acestes.
1164 488 1212 536 550

544 608 562 648 01
696 563 715 604 ἧς
847 609 866 650 ss

204 664 389 742 quassatam
411 661 516 725 ventis
539 662 634 724 liceat
658 661 831 726 subducere
854 663 987 727 classem

204 760 236 819 et
259 757 349 820 silvis
373 761 483 840 aptare
506 758 614 821 trabes
639 762 671 821 01
695 757 852 843 stringere
874 781 992 844 remos,

205 854 233 916 si
255 854 349 918 datur
371 854 499 918 Italiam
523 855 617 919 sociis
642 859 674 918 et
697 876 772 938 rege
794 860 921 938 recepto

204 951 345 1036 tendere,
368 955 404 1014 ut
427 951 556 1015 Italiam
578 951 655 1015 laeti
678 951 870 1034 Latiumque
892 957 1054 1038 petamus3

206 1047 256 1110 sin
278 1048 448 1132 absumpta
472 1050 567 1135 salus,
591 1053 623 1113 et
645 1053 687 1132 te,
709 1053 800 1130 pater
824 1054 954 1132 optumo
972 1050 1142 1136 Teucrum,
1164 1069 1218 1116 555

204 1149 323 1226 pontus
346 1145 444 1208 habet
467 1145 588 1228 Libyae
610 1167 668 1209 noc
691 1167 764 1228 spes
787 1147 852 1210 iam
874 1151 975 1211 restat
998 1147 1077 1234 Iuli,

205 1245 238 1304 at
261 1241 343 1306 freta
367 1240 509 1306 Sicaniae
529 1243 648 1331 ,saltem
672 1243 824 1326 sedesque
846 1247 990 1328 paratas,

205 1338 288 1401 unde
310 1339 373 1402 buc
396 1339 532 1424 advecti,
555 1361 724 1424 regemque
747 1343 893 1422 petamus
915 1339 1076 1405 Acesten?
1121 1384 1125 1389 -

131 1460 136 1468 ·
205 1433 325 1498 talibus
348 1434 503 1520 Ilioneus;
526 1436 632 1498 cuncti
657 1436 754 1498 simul
777 1458 831 1500 ore
854 1437 1032 1501 fremebant

206 1528 413 1596 Dardanidae.
1165 1555 1221 1602 550

252 1627 334 1691 Tum
357 1629 496 1702 breviter
519 1629 602 1694 Dido
626 1629 752 1692 voltum
774 1631 911 1695 demissa
934 1633 1096 1716 profatur:

155 1723 158 1732 '
208 1724 335 1813 ‘solyite
358 1727 450 1790 eorde
472 1731 608 1811 metum,
630 1726 758 1811 Teucri,
781 1727 932 1792 secludite
955 1751 1056 1794 ouras.

207 1827 258 1886 res
282 1823 360 1886 dura
383 1828 415 1886 et
438 1825 529 1908 regm'
551 1823 679 1887 novitas
703 1845 754 1886 me
776 1824 856 1888 talia
878 1830 998 1910 cogunt

208 1919 314 1983 moliri
338 1925 370 1983 et
392 1921 457 1998 late
479 1920 553 1984 finis
577 1921 708 1984 custode
731 1922 822 1984 tueri.

209 2017 281 2100 quis
304 2029 404 2102 genus
427 2018 620 2103 Aeneadum,
643 2019 715 2101 quis
738 2018 853 2082 Troiae
875 2020 997 2083 nesciat
1020 2021 1134 2084 urbem
1168 2040 1224 2087 505

165 2149 170 2168 ·
208 2115 408 2199 virtutesque
430 2115 581 2197 virosque
604 2107 659 2179 aut
682 2115 766 2178 tanti
788 2116 932 2180 incendia
956 2116 1056 2181 belli?

208 2234 275 2276 non
298 2212 413 2276 obtusa
436 2211 513 2274 adeo
537 2215 700 2296 gestamus
722 2215 853 2294 pectora
874 2211 987 2297 Poeni,

208 2331 266 2372 neo
289 2312 356 2372 tam
380 2329 509 2372 aversus
533 2329 631 2392 equos
655 2308 752 2392 Tyria
777 2307 832 2372 Sol
854 2311 961 2394 iungit
985 2311 1025 2374 ab
1049 2312 1140 2376 urbe.

211 2429 267 2470 seu
289 2427 346 2469 vos
369 2403 559 2487 Hesperiam
581 2426 731 2490 magnam
754 2404 968 2490 Saturniaque
991 2429 1067 2472 arva
1176 2463 1181 2474 .

210 2503 277 2566 sive
300 2501 414 2584 Erycis
437 2501 511 2564 finis
534 2521 704 2585 regemque
727 2505 847 2586 optatis
870 2504 1023 2590 Acesten,
1171 2527 1228 2574 510

212 2599 330 2662 auxilio
353 2602 443 2662 tutos
467 2597 627 2661 dimittam
650 2598 829 2682 opibusque
852 2600 977 2664 iuvabo.

211 2695 309 2760 voltis
329 2699 365 2758 et
388 2695 439 2758 his
462 2717 586 2758 meeum
608 2695 729 2778 pariter
752 2696 915 2760 considere
938 2697 1059 2781 regnis:

212 2792 324 2855 urbem
348 2814 443 2875 quam
467 2796 575 2855 statuo
598 2796 706 2884 vestra
730 2797 791 2877 est,
815 2794 981 2858 subducite
1003 2797 1110 2880 navis3

212 2889 293 2954 Tros
316 2889 496 2973 Tyriusque
518 2889 598 2954 mihi
619 2889 710 2952 nullo
734 2889 915 2955 discrimine
939 2897 1059 2977 agetur.

213 2991 309 3069 atque
332 2987 455 3050 utinam
478 3009 533 3051 rex
556 2989 625 3070 ipse
647 2990 726 3049 noto
751 2988 933 3070 compulsus
957 2989 1067 3054 eodem
1174 3011 1230 3058 575

214 3084 337 3146 adforet
360 3083 496 3146 Aeneas!
522 3084 668 3168 equidem
690 3105 747 3166 per
770 3084 867 3149 litora
889 3090 993 3149 certos

214 3181 375 3243 dimittam
397 3184 429 3243 et
451 3179 572 3263 Libyae
594 3181 732 3244 lustrare
755 3184 896 3244 extrema
917 3181 1049 3267 iubeb0,

215 3277 361 3360 siquibus
385 3277 503 3340 eiectus
527 3277 617 3341 silvis
642 3282 697 3340 aut
721 3276 855 3341 urbibus
880 3279 985 3341 errat?

259 3373 319 3436 His
344 3373 622 3443 animumarrecti
645 3374 739 3438 dictis
763 3378 795 3437 01
818 3375 912 3438 fortis
935 3374 1075 3441 Achates

215 3471 247 3534 et
270 3473 361 3553 pater
384 3469 507 3532 Aeneas
530 3471 703 3534 iandudum
727 3493 890 3554 erumpere
912 3473 1032 3536 nubem
1178 3496 1233 3544 seo
