2574 3964
177 188 239 251 106
520 188 667 244 VERGlLl
685 189 818 246 AENEIS
837 189 849 242 I

172 371 257 413 nunc
278 348 394 432 Amyci
417 358 528 416 casum
548 349 648 436 gemit
671 354 703 414 et
727 350 866 414 crudelia
888 372 995 414 seeum

173 445 240 510 fata
263 445 341 530 Lyci
364 448 544 531 fortemque
567 445 661 530 Gyan
682 447 862 532 fortemque
885 445 1090 514 Cloanthum.

217 542 262 606 Et
285 545 349 608 iam
371 545 445 609 finis
470 549 551 629 2222,
574 565 646 611 cum
668 543 814 628 Iuppiter
837 544 964 610 aethere
988 567 1115 610 summo

173 639 343 723 dispiciens
366 664 453 706 mare
476 641 649 706 velivolum
671 645 837 725 terrasque
859 641 993 706 iacentis

172 737 331 821 litoraque
355 743 387 802 et
409 739 493 803 latos
517 739 669 823 populos,
692 737 737 802 sic
759 738 878 802 vertice
900 739 980 802 caeli
1031 727 1032 733 ¹
1131 756 1182 804 222

173 836 320 899 constitit
342 840 375 899 et
398 834 518 919 Libyae
541 835 651 899 defixit
673 835 796 900 lumina
819 836 935 920 regnis,

173 934 269 1014 atque
292 933 385 996 illum
407 933 483 996 talis
506 933 679 1022 iactantem
701 935 829 1015 pectore
852 953 943 995 curas

173 1029 298 1094 tristior
321 1033 354 1093 et
376 1030 516 1094 lacrimis
541 1030 651 1094 oculos
675 1028 797 1092 suffusa
818 1029 952 1092 nitentis

172 1126 357 1209 adloquitur
379 1125 502 1190 Venus:
527 1126 558 1190 ‘o
582 1126 638 1210 qui
661 1147 711 1189 res
734 1125 965 1210 hominumque
988 1127 1147 1212 deumque

172 1223 310 1286 aeternis
333 1223 419 1308 regis
442 1223 585 1307 imperiis
608 1227 641 1286 et
663 1222 797 1286 fulmine
819 1226 934 1308 terres,
1131 1243 1182 1294 232

172 1320 250 1402 quid
272 1342 361 1383 meus
384 1318 509 1384 Aeneas
532 1321 568 1384 in
590 1323 622 1382 te
645 1319 844 1383 committere
866 1323 1008 1404 tantum,

172 1416 250 1498 quid
272 1415 371 1480 Troes
394 1420 542 1500 potuere,
566 1415 682 1498 quibus
706 1419 757 1478 tot
779 1415 892 1480 funera
914 1417 1018 1499 passis

172 1517 305 1576 cunctus
330 1513 370 1576 ob
393 1512 522 1576 Italiam
544 1516 703 1586 terrarum
725 1512 884 1576 clauditur
907 1513 1018 1577 orbis?
1145 1591 1147 1598 y

172 1613 257 1673 certe
278 1609 354 1673 hinc
376 1608 539 1674 Romanos
564 1609 641 1672 oh'm
663 1609 867 1673 volventibus
891 1611 997 1695 annis,

171 1705 247 1769 hine
269 1707 337 1770 fore
361 1706 507 1770 ductores
530 1709 679 1770 revocato
704 1729 722 1769 a
746 1707 901 1791 sanguine
923 1707 1051 1795 Teucri,
1130 1729 1181 1776 222

172 1803 229 1885 qui
251 1801 351 1888 mare,
374 1803 430 1888 qui
453 1808 555 1868 222223
580 1803 667 1866 omni
690 1802 813 1869 dicione
835 1805 995 1887 tenerent,

172 1899 358 1982 pollicitu's:
382 1922 463 1984 quae
486 1904 533 1985 22,
556 1901 697 1984 genitor,
721 1899 880 1964 sententia
902 1901 1024 1964 vertit?

170 1995 233 2060 hoc
256 1997 402 2080 equidem
425 2017 572 2062 occasum
594 1996 708 2066 Troiae
731 1996 899 2079 tristisque
922 1996 1032 2060 ruinas

172 2092 300 2156 solabar
323 2093 399 2156 fatis
423 2093 584 2157 contraria
606 2093 673 2157 fata
695 2093 883 2178 rependens3

170 2211 256 2254 nunc
279 2191 387 2254 eadem
409 2193 540 2256 fortuna
562 2191 650 2254 viros
673 2194 724 2254 tot
748 2190 949 2256 casibust
898 2195 949 2256 222
950 2213 986 2255 23
1130 2211 1183 2261 242

171 2287 360 2372 insequitur.
407 2309 501 2371 quem
524 2288 579 2352 das
602 2288 712 2372 finem,
734 2308 791 2350 rex
813 2308 942 2374 magne
963 2287 1137 2356 laborum?

172 2382 317 2447 Antenor
340 2405 381 2466 po
384 2384 448 2446 tuit
470 2384 582 2449 mediis
606 2385 732 2467 elapsus
755 2383 908 2448 Achivis

170 2479 317 2564 Illyricos
341 2484 507 2564 penetrare
531 2481 634 2546 sinus
644 2485 739 2564 atque
761 2481 886 2546 intuma
908 2485 1000 2546 tutus

171 2597 270 2662 regna
292 2575 564 2641 Liburnorumt
532 2581 564 2640 et
586 2578 658 2642 font
644 2582 709 2643 tem
733 2600 881 2661 superare
904 2578 1045 2666 Timavi,

134 2677 139 2744 ξ
171 2673 254 2736 unde
276 2696 333 2757 per
357 2696 412 2737 ora
434 2695 550 2744 novem
572 2679 664 2740 vasto
688 2696 760 2738 oum
781 2697 944 2739 murmure
966 2632 1088 2742 moritis
1129 2696 1181 2745 245

126 2828 129 2837 .
171 2772 307 2835 itmare
330 2776 466 2854 prorupt
467 2794 562 2836 ume
545 2772 715 2856 etpelego
739 2773 855 2854 premit
879 2795 954 2837 arva
978 2776 1117 2842 sonanti.

170 2867 224 2932 hic
245 2872 354 2932 tamen
376 2869 429 2931 ille
453 2869 566 2933 urbem
587 2867 648 2933 Pat
634 2869 701 2932 tavi
724 2868 877 2958 sedesque
899 2870 1018 2934 locavit

171 2965 379 3048 Teucrorum,
402 2969 433 3028 et
457 2965 547 3049 genti
568 2987 686 3030 nomen
708 2965 794 3029 dedit
780 2969 967 3050 tarmaque
989 2967 1063 3043 fixit

77 3076 80 3085 “
171 3063 282 3148 Τ2222,
303 3083 389 3125 nunc
410 3062 534 3144 placida
557 3066 742 3146 compostus
765 3085 841 3146 paee
865 3064 1013 3147 quiescit:

170 3183 245 3246 nos,
266 3164 323 3223 tua
346 3159 528 3244 progeniem
551 3160 630 3224 caeli
653 3160 770 3243 quibus
794 3160 907 3223 adnuis
932 3182 1050 3248 arcem,
1129 3181 1182 3230 222

170 3257 307 3321 navibus
331 3254 539 3342 (infanduml)
563 3257 689 3320 amissis
713 3256 809 3320 unius
834 3256 981 3320 obirem

171 3354 336 3437 prodimur
359 3355 454 3434 atque
476 3351 568 3416 Italis
591 3353 687 3438 longe
710 3353 923 3438 disiungimur
947 3355 1021 3418 oris.

170 3449 224 3514 hic
245 3449 377 3534 pietatis
399 3447 524 3512 honos?
548 3449 593 3512 sic
615 3472 675 3514 nos
698 3451 733 3514 in
756 3455 881 3534 sceptra
903 3453 1071 3534 reponis‘?’
