2612 3964
403 259 551 315 VERGILI
569 259 702 315 Annnls
720 261 772 314 lIlI
1030 261 1092 325 175

91 425 159 488 dum
180 423 344 506 trepidant
367 423 436 486 alae
459 422 625 506 saltusque
648 421 798 506 indagine
820 421 964 509 cingunt,

90 523 217 604 desuper
240 519 417 605 infundam,
440 523 471 583 et
495 519 620 583 tonitru
643 519 765 583 caelum
788 541 881 583 omne
904 519 1002 584 ciebo.

90 619 251 704 diffugient
275 617 408 682 comites
432 621 465 680 et
486 618 582 680 noete
603 619 754 700 tegentur
778 638 889 699 opaea:

90 718 267 800 speluncam
290 713 375 778 Dido
399 714 464 777 dux
487 716 519 776 et
542 711 700 776 Troianus
724 714 857 777 eandem

89 813 258 878 devenient.
306 812 400 876 adero
424 814 465 895 et,
487 813 545 873 tua
568 807 596 871 si
617 808 699 872 mihi
722 814 808 874 certa
830 810 990 894 voluntas,
1042 823 1092 872 125

89 910 234 995 [conubio
258 909 390 994 iungam
414 897 523 972 stabili
546 905 773 989 propriamque
796 907 922 990 dicabo]

87 1006 136 1070 hic
156 1005 352 1089 hymenaeus
376 1004 457 1068 erit'
503 1023 570 1066 non
592 1002 760 1066 adversata
782 1003 906 1087 petenti

87 1103 193 1168 adnuit
216 1107 314 1187 atque
337 1102 420 1166 dolis
443 1101 517 1165 risit
541 1096 701 1182 Cytherea
722 1101 866 1184 repertis.

127 1200 288 1265 Oceanum
309 1199 433 1262 interea
456 1216 590 1281 surgens
614 1195 742 1260 Aurora
763 1198 903 1281 reliquit.

85 1298 110 1361 it
130 1296 234 1380 portis
258 1295 370 1360 iubare
393 1297 506 1357 exorto
529 1293 650 1357 delecta
673 1293 838 1379 iuventus3
1042 1309 1092 1358 130

86 1394 162 1457 retia
184 1415 268 1477 rara,
291 1392 413 1476 plagae,
435 1391 502 1454 lato
525 1389 684 1455 venabula
706 1391 791 1455 ferro

85 1490 281 1574 Massylique
303 1491 402 1552 ruunt
426 1486 548 1570 equites
572 1491 605 1551 et
628 1487 727 1552 odora
750 1510 863 1553 canum
886 1490 945 1554 vis.

86 1587 225 1672 reginam
247 1585 390 1648 thalamo
414 1587 617 1648 cunctantem
641 1584 681 1648 ad
702 1584 815 1649 limina
837 1586 934 1670 primi

86 1681 263 1746 Poenorum
286 1684 464 1765 expectant,
487 1683 640 1763 ostroque
663 1680 800 1765 insignis
824 1686 856 1746 et
875 1705 958 1752 auro

89 1784 148 1843 stat
171 1779 302 1862 sonipes
325 1799 361 1842 ac
383 1777 473 1840 frena
494 1775 585 1840 ferox
608 1777 791 1860 spumantia
812 1778 944 1842 mandit.
1041 1795 1091 1844 1115

88 1876 209 1940 tandem
232 1873 438 1960 progreditur
459 1893 577 1956 magna
600 1874 740 1957 stipante
763 1878 899 1958 caterva,

89 1971 246 2038 Sidoniam
268 1971 356 2056 picto
381 1970 579 2053 chlamydem
601 1971 796 2034 circumdata
817 1971 926 2035 limbo.

88 2069 135 2132 eui
155 2069 307 2153 pharetra
330 2089 369 2130 ex
392 2087 481 2150 aure,
504 2066 606 2130 crines
628 2067 791 2130 nodantur
813 2067 849 2130 in
871 2091 994 2154 aurum,

89 2189 177 2230 aurea
198 2187 395 2249 purpuream
418 2163 579 2226 subnectit
601 2163 702 2228 fibula
724 2168 854 2228 vestem.

88 2285 140 2328 nec
160 2283 227 2326 non
249 2266 282 2326 et
304 2260 440 2345 Phrygii
462 2261 595 2324 comites
618 2265 651 2326 et
674 2261 778 2326 laetus
801 2261 891 2326 Iulus
1040 2279 1091 2329 140

90 2360 239 2424 incedunt.
285 2358 354 2441 ipse
378 2360 452 2421 ante
475 2357 556 2422 alios
578 2359 811 2441 pulcherrimus
836 2361 940 2424 omnis

89 2456 178 2520 infert
200 2478 234 2520 se
258 2455 382 2519 socium
403 2452 530 2519 Aeneas
554 2459 650 2540 atque
673 2457 802 2540 agmina
823 2458 939 2542 iungit.

90 2553 185 2634 qualis
207 2553 265 2616 ubi
287 2551 456 2615 hibernam
478 2551 610 2635 Lyciam
632 2551 820 2636 Xanthique
841 2553 963 2618 fluenta

91 2648 199 2713 deserit
220 2671 257 2713 ae
278 2648 397 2713 Delum
419 2653 598 2712 maternam
620 2649 733 2714 invisit
757 2649 875 2734 Apollo

90 2744 302 2830 instauratque
326 2745 451 2830 chorae,
473 2745 632 2830 mixtique
655 2747 770 2811 altaria
793 2748 913 2812 circum
1040 2765 1090 2814 145

92 2837 254 2926 Cretesque
276 2841 488 2926 Dryopesque
510 2843 652 2907 fremunt
675 2845 817 2927 pictique
840 2843 1033 2932 Agathyrsi;

90 2935 152 3019 ipse
173 2939 255 3025 iugis
279 2937 400 3022 Cynthi
423 2938 569 3024 graditur
591 2941 746 3024 mollique
768 2941 920 3005 fluentem

91 3033 192 3100 fronde
213 3037 330 3121 premit
354 3035 473 3100 crinem
494 3037 619 3121 fingens
643 3042 740 3121 atque
762 3038 896 3121 inplicat
919 3061 1007 3125 auro,

91 3129 150 3195 tela
171 3138 283 3198 sonant
306 3133 438 3197 umeris:
461 3133 542 3197 haut
564 3134 621 3199 illo
646 3134 776 3219 segnior
799 3135 869 3198 ibat

92 3225 214 3315 Aeneas,
235 3233 364 3294 tantum
386 3229 516 3314 egregio
540 3231 634 3294 decus
659 3232 759 3294 enitet
783 3254 845 3296 ore.
1041 3251 1090 3300 150

92 3329 251 3409 postquam
274 3327 358 3391 altos
381 3330 514 3391 ventum
536 3328 572 3390 in
593 3330 715 3392 montis
740 3333 835 3413 atque
853 3329 940 3393 invia
958 3329 1072 3416 lustra,

93 3438 156 3484 ecce
176 3425 254 3489 ferae
278 3425 348 3488 saxi
371 3423 510 3487 deiectae
532 3425 652 3489 vertice
675 3447 787 3508 caprae

93 3514 243 3586 decurrere
265 3521 364 3607 iugis3
389 3521 452 3584 alia
474 3521 512 3586 de
535 3525 626 3605 parte
649 3524 790 3606 patentis
