2538 3970
187 258 251 322 266
501 253 649 310 000000
667 253 799 328 saunis
818 253 870 308 vn

188 420 323 502 stirpem
346 418 513 482 admisceri
535 417 719 502 Phrygiam,
743 438 776 480 se
798 415 909 481 limine
932 415 1017 499 pelli.

188 521 259 581 tum
279 537 415 599 quorum
435 515 593 579 attonitae
612 513 737 578 Baccho
756 535 887 578 nemora
907 514 978 576 avia
995 517 1113 577 matres
1138 529 1179 577 000

188 614 349 677 insultant
371 612 487 676 thiasis
511 609 628 697 (neque
651 611 737 674 enim
758 611 828 675 leve
852 632 970 674 nomen
993 605 1145 696 Amatae),

188 711 329 795 undique
352 709 476 773 collecti
501 712 616 774 coeunt
638 705 839 790 Martemque
861 707 1010 791 fatigant.

188 809 279 872 ilicet
302 807 469 872 infandum
492 806 599 870 cuncti
622 809 733 868 contra
756 804 863 868 omina
885 804 1016 890 bellum,

188 908 300 967 contra
322 903 390 966 fata
413 903 507 967 deum
529 923 678 986 perverso
702 901 833 964 numine
855 905 1001 984 poscunt.

188 1000 335 1064 certatim
357 1000 442 1083 regis
466 999 675 1063 circumstant
697 1002 783 1062 tecta
806 998 923 1062 Latini.
1139 1013 1182 1063 080

145 1106 158 1159 Ι
188 1097 242 1162 ille
265 1097 353 1160 velut
376 1097 483 1180 pelagi
505 1118 601 1180 rupes
623 1095 759 1159 immota
781 1096 915 1182 resistit,

73 1238 91 1291 ,.,
136 1166 147 1257 l
188 1199 225 1258 ut
247 1194 354 1278 pelagi
377 1216 472 1277 rupes
495 1213 613 1276 magno
637 1193 783 1256 veniente
806 1192 944 1279 fragore,

123 1276 136 1375 ,¹
190 1314 270 1374 quae
294 1313 362 1356 sese
385 1291 497 1354 multis
521 1291 641 1354 circum
662 1289 858 1353 latrantibus
882 1290 976 1354 undis

118 1389 125 1445 ἶ
188 1390 272 1454 mole
295 1392 399 1473 tenet;
424 1388 546 1472 scopuli
569 1387 764 1469 nequiquam
787 1389 819 1448 60
843 1408 975 1469 spumea
998 1387 1115 1452 circum

117 1466 122 1490 ι
190 1508 266 1549 saxa
284 1486 426 1549 fremunt
449 1484 606 1567 laterique
629 1484 725 1548 inlisa
748 1483 931 1547 refunditur
954 1483 1036 1568 alga.
1139 1501 1184 1548 oco

189 1604 300 1646 verum
322 1581 380 1646 ubi
402 1583 492 1646 nulla
515 1581 609 1644 datur
632 1602 760 1644 caecum
783 1585 973 1663 exsuperare
996 1585 1136 1664 potestas

189 1678 359 1742 consilium
381 1682 413 1741 et
438 1699 549 1740 saevae
570 1681 653 1741 nutu
676 1677 809 1741 lunonis
834 1681 911 1741 eunt
934 1699 995 1763 res„

188 1775 291 1838 multa
313 1776 388 1838 deos
412 1796 569 1857 aurasque
591 1778 683 1858 pater
705 1777 844 1838 testatus
867 1774 973 1838 inanis

191 1872 380 1956 ‘frangimur
401 1871 465 1935 heu
487 1872 576 1936 fatis’
599 1871 707 1954 inquit
731 1871 937 1955 ‘ferimurque
959 1873 1110 1956 procella!

189 1969 252 2052 ipsi
274 1969 332 2032 has
356 1969 511 2052 sacrilego
534 1967 680 2051 pendetis
705 1968 860 2052 sanguine
883 1991 1013 2054 poenas,
1098 2019 1105 2041 .
1141 1985 1185 2034 090

190 2088 208 2130 0
232 2066 349 2130 miseri.
390 2070 432 2151 te,
455 2065 571 2148 Turne,
592 2065 692 2150 nefas,
714 2069 747 2128 te
770 2067 864 2128 triste
887 2065 1031 2129 manebit

190 2163 392 2248 supplicium,
413 2162 561 2244 votisque
584 2161 660 2225 deos
684 2161 875 2226 venerabere
898 2163 986 2226 seris.

188 2281 262 2323 nam
285 2258 364 2323 mihi
387 2262 480 2342 parta
504 2259 604 2344 quies,
627 2259 794 2342 omnisque
817 2259 852 2322 in
874 2259 985 2324 limine
1007 2265 1120 2343 portus

189 2357 298 2420 funere
321 2357 406 2420 felici
429 2356 571 2439 spolior’
617 2377 675 2419 nec
698 2356 792 2438 plura
813 2355 941 2419 locutus

190 2454 310 2536 saepsit
334 2475 368 2517 se
390 2453 483 2516 tectis
507 2475 678 2536 rerumque
700 2453 832 2536 reliquit
855 2451 1005 2517 habenas,
1140 2471 1184 2520 600

233 2550 305 2615 Mos
329 2553 397 2614 6000
419 2548 577 2632 Hesperio
601 2549 636 2612 in
657 2549 762 2634 Latio,
786 2571 880 2633 quem
903 2551 1053 2633 protinus
1076 2545 1163 2615 urbes

188 2647 333 2713 Albanae
356 2647 481 2712 coluere
506 2668 640 2731 sacrum,
662 2668 748 2710 nuno
768 2647 907 2710 maxima
930 2669 1038 2712 rerum

189 2743 292 2808 Roma
316 2744 402 2828 colit,
425 2765 498 2807 eum
520 2743 623 2827 prima
646 2746 776 2806 movent
799 2744 835 2806 in
857 2744 980 2826 proelia
1002 2745 1144 2831 Martem,

190 2842 257 2905 sive
280 2839 371 2906 Getis
395 2841 512 2905 inferre
533 2863 631 2904 manu
654 2838 849 2902 lacrimabile
872 2839 994 2903 bellurn

189 2937 388 3020 Hyrcanisve
411 2936 569 3001 Arabisve
591 2939 706 3019 parant
730 2957 786 2999 seu
809 2934 937 2999 tendere
962 2937 1000 3000 ad
1023 2935 1118 3003 Indos
1141 2955 1184 3004 005

189 3033 412 3116 Auroramque
436 3033 526 3117 sequi
548 3031 749 3115 Parthosque
772 3053 938 3114 reposcere
962 3033 1062 3119 signa.

191 3135 266 3195 sunt
289 3131 433 3216 geminae
456 3130 533 3194 belli
556 3133 669 3213 portae
692 3127 752 3214 (sic
775 3129 904 3192 nomine
928 3129 1052 3216 dicunt)

189 3227 345 3312 religione
369 3249 475 3290 sacrae
498 3231 530 3289 et
555 3227 640 3290 saevi
663 3225 833 3290 formidine
854 3225 983 3310 Martis,

190 3328 317 3389 centum
341 3323 423 3386 aerei
447 3322 599 3386 claudunt
621 3327 727 3387 vectes
751 3327 943 3405 aeternaque
961 3323 1036 3388 ferri

188 3421 316 3506 robora,
337 3440 397 3482 nec
419 3424 527 3484 custos
552 3418 681 3483 absistit
704 3419 815 3482 limine
836 3417 948 3484 Ianus:
1141 3435 1185 3484 010

188 3520 257 3602 1000,
280 3517 338 3582 ubi
361 3519 448 3580 certa
473 3517 559 3580 sedet
582 3517 729 3599 patribus
755 3516 913 3580 sententia
936 3537 1073 3604 pugnae,
