2514 3966
191 263 256 327 330
313 228 316 234 ¹
526 261 674 317 1000111
693 261 863 317 1011111011

192 424 330 488 occurrit
354 424 518 488 comitum:
531 423 712 511 nymphae,
735 446 814 508 quas
838 424 922 488 alma
945 423 1075 508 Cybebe
1147 441 1193 488 220

190 542 310 585 numen
331 521 449 584 habere
471 521 569 585 maris
591 520 815 604 nymphasque
838 542 855 584 e
877 521 1015 586 navibus
1039 543 1109 587 esse

190 618 338 703 iusserat,
360 617 515 682 innabant
538 617 659 700 pariter
682 616 863 701 fluctusque
887 617 1047 701 secabant,

193 719 273 798 quob
295 715 384 799 prius
409 718 534 778 aeratae
558 717 713 778 steterant
737 715 775 778 ad
798 715 897 779 litora
919 737 1041 799 prorae.

193 812 393 896 adgnoscunt
415 812 511 895 longe
533 831 641 895 regem
663 811 868 894 lustrantque
891 810 1023 874 choreis.

193 931 327 991 quarum
350 930 431 992 quae
453 900 541 972 fandi
564 907 748 972 doctissima
772 905 971 990 Cymodocea
1148 924 1193 971 aas

191 1027 275 1088 pone
298 1027 433 1089 sequens
457 1005 568 1068 dextra
590 1004 725 1087 puppim
746 1007 835 1068 001100
857 1004 992 1088 ipsaque
1017 1005 1113 1069 dorso

193 1103 311 1166 eminet
334 1124 370 1166 00
392 1102 481 1166 laeva
504 1101 612 1165 tacitis
637 1101 834 1186 subremigat
855 1101 960 1187 undis,

192 1204 262 1264 tum
285 1200 331 1264 sic
353 1199 502 1284 ignarum
525 1198 723 1282 adloquitur:
748 1198 925 1283 ‘vigilasna
947 1199 1044 1262 deum'
1065 1219 1150 1283 gens,

192 1295 322 1360 Aenea?
344 1296 444 1381 vigila
468 1300 500 1359 et
522 1295 601 1360 velis
624 1295 763 1358 immitte
786 1295 938 1359 rudentis.

192 1415 251 1458 1100
275 1416 395 1478 sumus,
418 1393 530 1457 Idaeae
553 1414 642 1456 sacro
666 1391 704 1455 de
726 1392 845 1456 vertice
867 1392 972 1478 pinus,
1147 1409 1191 1456 230

192 1512 276 1555 1111110
298 1491 404 1575 pelagi
426 1490 595 1575 nymphae,
618 1489 728 1553 classis
751 1493 816 1552 tua.
862 1489 1002 1573 perfidus
1025 1492 1064 1552 ut
1086 1510 1143 1553 nos

192 1587 378 1672 praecipitis
401 1587 486 1652 ferro
510 1585 650 1650 Rutulus
674 1585 864 1670 fiammaque
885 1585 1061 1671 premebat,

192 1685 338 1769 rupimus
360 1685 481 1749 invitae
502 1688 560 1748 tua
582 1682 719 1766 vincula,
740 1685 836 1766 teque
858 1703 915 1766 per
938 1704 1058 1766 aequor

194 1783 383 1866 quaerimus.
428 1782 511 1846 hanc
533 1781 679 1866 genetrix
701 1779 814 1844 faciem
836 1779 988 1844 miserata
1010 1779 1120 1844 refecit

194 1883 225 1943 et
248 1879 334 1942 dedit
358 1899 426 1942 0000
449 1877 523 1942 deas
547 1899 720 1960 aevomque
743 1877 866 1962 agitare
890 1876 949 1940 sub
973 1876 1076 1942 undis.
1146 1893 1189 1942 200

194 1981 227 2040 00
248 1998 327 2059 puer
350 1974 508 2040 Ascanius
531 1995 623 2040 muro
647 1974 807 2058 fossisque
829 1976 957 2038 tenetur

192 2072 258 2135 tela
279 2072 364 2135 inter
386 2071 491 2136 media
515 2074 610 2154 atque
633 2071 774 2135 ardentis
797 2069 901 2134 Marte
923 2067 1067 2134 Latinos

192 2169 257 2232 iam
278 2169 349 2234 loca
371 2169 460 2232 iussa
482 2170 592 2232 tenent
614 2167 693 2231 forti
715 2168 893 2252 permixtus
915 2165 1056 2231 Etrusco

192 2266 292 2330 Areas
316 2288 425 2350 eques:
448 2265 569 2330 medias
592 2264 657 2328 illis
681 2284 841 2348 opponere
864 2267 997 2346 turmas,

192 2385 232 2428 ne
254 2364 369 2428 castris
392 2364 537 2448 iungant,
560 2365 678 2426 certast
702 2360 861 2426 sententia
883 2359 1000 2424 Turno.
1145 2373 1190 2421 240

194 2481 288 2546 surge
312 2481 370 2545 age
393 2464 426 2524 et
447 2459 575 2524 Aurora
598 2459 701 2524 socios
724 2459 870 2523 veniente
891 2455 999 2522 vocari

192 2559 316 2641 primus
334 2558 370 2621 in
389 2579 477 2621 arma
495 2556 569 2620 iube
588 2557 620 2618 et
639 2554 785 2638 clupeum
803 2576 888 2640 cape,
911 2575 1006 2638 quem
1027 2553 1113 2618 dedit
1130 2553 1190 2636 ipse

190 2654 348 2719 invictum
370 2653 559 2739 Ignipotens
583 2655 678 2736 atque
702 2673 773 2717 oras
797 2650 911 2715 ambiit
934 2671 1021 2715 auro.

193 2751 332 2815 crastina
354 2751 420 2836 lux,
442 2772 513 2814 mea
538 2750 566 2814 si
588 2770 654 2812 non
676 2749 776 2813 inrita
798 2747 883 2811 dicta
907 2747 1043 2835 putaris,

192 2847 333 2932 ingentis
356 2845 496 2910 Rutulae
520 2845 678 2929 spectabit
701 2845 804 2910 caedis
828 2844 979 2908 acervos?
1146 2855 1189 2904 ala

193 2945 325 3030 dixerat,
348 2947 380 3008 et
403 2945 515 3007 dextra
537 2943 700 3006 discedens
722 2941 852 3025 impulit
876 2941 974 3004 altam

192 3039 273 3104 haut
295 3041 409 3125 ignara
430 3040 518 3104 modi
541 3039 689 3123 puppim:
712 3038 799 3123 fugit
820 3037 878 3102 illa
899 3058 957 3121 per
979 3038 1081 3102 undas

194 3137 282 3202 ocior
305 3140 338 3201 00
360 3137 464 3202 iaculo
488 3141 521 3201 et
543 3140 656 3201 ventos
681 3138 837 3219 aequante
860 3133 989 3219 sagitta.

193 3235 267 3298 inde
291 3234 372 3297 aliae
395 3235 535 3298 celerant
558 3254 678 3297 cursus.
726 3235 835 3315 stupet
856 3230 976 3295 inscius
999 3231 1069 3314 ipae

194 3331 274 3394 Tros
297 3328 520 3413 Anchisiades3
544 3329 667 3392 animos
691 3333 800 3392 tamen
822 3328 927 3392 omine
950 3327 1047 3392 001110.
1146 3337 1189 3388 200

155 3499 158 3510 ,
193 3431 264 3490 tum
286 3425 426 3488 breviter
450 3447 544 3508 super
568 3427 734 3506 aspectans
758 3445 899 3488 convexa
921 3427 1081 3505 precatur:

194 3523 289 3587 ‘alma
312 3541 427 3604 parens
449 3519 543 3584 Idaea
567 3520 669 3604 deum,
692 3519 743 3582 cui
766 3517 928 3602 Dindyma
951 3519 1039 3584 cordi
