<?xml version="1.0" encoding="UTF-8"?>
<!DOCTYPE html PUBLIC "-//W3C//DTD XHTML 1.0 Transitional//EN"
    "http://www.w3.org/TR/xhtml1/DTD/xhtml1-transitional.dtd">
<html xmlns="http://www.w3.org/1999/xhtml" xml:lang="en" lang="en">
 <head>
  <title>
</title>
<meta http-equiv="Content-Type" content="text/html;charset=utf-8" />
  <meta name='ocr-system' content='tesseract 3.04.00' />
  <meta name='ocr-capabilities' content='ocr_page ocr_carea ocr_par ocr_line ocrx_word'/>
</head>
<body>
  <div class='ocr_page' id='page_1' title='image "./pvergilimaronis11virggoog/pvergilimaronis11virggoog_0317.png"; bbox 0 0 2538 3970; ppageno 0'>
   <div class='ocr_carea' id='block_1_1' title="bbox 110 741 135 796">
    <p class='ocr_par' dir='ltr' id='par_1_1' title="bbox 110 741 135 796">
     <span class='ocr_line' id='line_1_1' title="bbox 110 741 135 796; baseline 0 0"><span class='ocrx_word' id='word_1_1' title='bbox 110 741 135 796; x_wconf 62' lang='lat' dir='ltr'>&#39;l</span> 
     </span>
    </p>
   </div>
   <div class='ocr_carea' id='block_1_2' title="bbox 166 849 171 994">
    <p class='ocr_par' dir='ltr' id='par_1_2' title="bbox 166 849 171 994">
     <span class='ocr_line' id='line_1_2' title="bbox 166 849 171 994; baseline 0 0"><span class='ocrx_word' id='word_1_2' title='bbox 166 849 171 994; x_wconf 86' lang='lat' dir='ltr'>l</span> 
     </span>
    </p>
   </div>
   <div class='ocr_carea' id='block_1_3' title="bbox 203 239 888 326">
    <p class='ocr_par' dir='ltr' id='par_1_3' title="bbox 203 239 888 326">
     <span class='ocr_line' id='line_1_3' title="bbox 203 239 888 326; baseline -0.012 -2"><span class='ocrx_word' id='word_1_3' title='bbox 203 261 270 326; x_wconf 77' lang='lat'>264</span> <span class='ocrx_word' id='word_1_4' title='bbox 522 239 817 316; x_wconf 71' lang='lat' dir='ltr'>ruscimannus</span> <span class='ocrx_word' id='word_1_5' title='bbox 835 261 888 316; x_wconf 84' lang='lat' dir='ltr'>vn</span> 
     </span>
    </p>
   </div>
   <div class='ocr_carea' id='block_1_4' title="bbox 203 423 1203 1670">
    <p class='ocr_par' dir='ltr' id='par_1_4' title="bbox 203 423 968 508">
     <span class='ocr_line' id='line_1_4' title="bbox 203 423 968 508; baseline 0.001 -21"><span class='ocrx_word' id='word_1_6' title='bbox 203 423 367 507; x_wconf 71' lang='lat' dir='ltr'>pastorale</span> <span class='ocrx_word' id='word_1_7' title='bbox 390 423 476 487; x_wconf 88' lang='lat' dir='ltr'>canit</span> <span class='ocrx_word' id='word_1_8' title='bbox 501 424 630 508; x_wconf 90' lang='lat' dir='ltr'>signum</span> <span class='ocrx_word' id='word_1_9' title='bbox 652 445 814 506; x_wconf 89' lang='lat' dir='ltr'>cornuque</span> <span class='ocrx_word' id='word_1_10' title='bbox 836 445 968 489; x_wconf 87' lang='lat' dir='ltr'>recurvo</span> 
     </span>
    </p>

    <p class='ocr_par' dir='ltr' id='par_1_5' title="bbox 205 520 1203 799">
     <span class='ocr_line' id='line_1_5' title="bbox 206 520 1069 606; baseline 0.001 -23"><span class='ocrx_word' id='word_1_11' title='bbox 206 520 393 584; x_wconf 72' lang='lat' dir='ltr'>Tartaream</span> <span class='ocrx_word' id='word_1_12' title='bbox 416 521 554 584; x_wconf 75' lang='lat' dir='ltr'>intendit</span> <span class='ocrx_word' id='word_1_13' title='bbox 576 542 695 606; x_wconf 70' lang='lat' dir='ltr'>vocem,</span> <span class='ocrx_word' id='word_1_14' title='bbox 718 542 780 604; x_wconf 89' lang='lat' dir='ltr'>qua</span> <span class='ocrx_word' id='word_1_15' title='bbox 803 521 951 604; x_wconf 86' lang='lat' dir='ltr'>protinus</span> <span class='ocrx_word' id='word_1_16' title='bbox 975 543 1069 584; x_wconf 89' lang='lat' dir='ltr'>omne</span> 
     </span>
     <span class='ocr_line' id='line_1_6' title="bbox 205 617 1203 702; baseline -0.001 -21"><span class='ocrx_word' id='word_1_17' title='bbox 205 618 398 682; x_wconf 87' lang='lat' dir='ltr'>contremuit</span> <span class='ocrx_word' id='word_1_18' title='bbox 420 639 532 680; x_wconf 90' lang='lat' dir='ltr'>nemus</span> <span class='ocrx_word' id='word_1_19' title='bbox 557 621 588 681; x_wconf 91' lang='lat' dir='ltr'>et</span> <span class='ocrx_word' id='word_1_20' title='bbox 612 618 710 681; x_wconf 87' lang='lat' dir='ltr'>silvae</span> <span class='ocrx_word' id='word_1_21' title='bbox 732 617 903 680; x_wconf 88' lang='lat' dir='ltr'>insonuere</span> <span class='ocrx_word' id='word_1_22' title='bbox 924 618 1113 702; x_wconf 81' lang='lat' dir='ltr'>profundae3</span> <span class='ocrx_word' id='word_1_23' title='bbox 1154 633 1203 680; x_wconf 82' lang='grc'>515</span> 
     </span>
     <span class='ocr_line' id='line_1_7' title="bbox 205 713 997 799; baseline -0.003 -21"><span class='ocrx_word' id='word_1_24' title='bbox 205 715 305 778; x_wconf 88' lang='lat' dir='ltr'>audiit</span> <span class='ocrx_word' id='word_1_25' title='bbox 329 719 361 778; x_wconf 88' lang='lat' dir='ltr'>et</span> <span class='ocrx_word' id='word_1_26' title='bbox 379 713 506 777; x_wconf 86' lang='lat' dir='ltr'>Triviae</span> <span class='ocrx_word' id='word_1_27' title='bbox 528 714 624 798; x_wconf 86' lang='lat' dir='ltr'>longe</span> <span class='ocrx_word' id='word_1_28' title='bbox 648 715 747 799; x_wconf 72' lang='lat' dir='ltr'>lacus,</span> <span class='ocrx_word' id='word_1_29' title='bbox 770 714 871 776; x_wconf 88' lang='lat' dir='ltr'>audiit</span> <span class='ocrx_word' id='word_1_30' title='bbox 895 715 997 777; x_wconf 90' lang='lat' dir='ltr'>amnis</span> 
     </span>
    </p>

    <p class='ocr_par' dir='ltr' id='par_1_6' title="bbox 205 809 999 898">
     <span class='ocr_line' id='line_1_8' title="bbox 205 809 999 898; baseline 0 -24"><span class='ocrx_word' id='word_1_31' title='bbox 205 812 355 894; x_wconf 84' lang='lat' dir='ltr'>sulpurea</span> <span class='ocrx_word' id='word_1_32' title='bbox 377 809 446 874; x_wconf 88' lang='lat' dir='ltr'>Nar</span> <span class='ocrx_word' id='word_1_33' title='bbox 470 811 562 874; x_wconf 79' lang='lat' dir='ltr'>albus</span> <span class='ocrx_word' id='word_1_34' title='bbox 586 832 669 893; x_wconf 86' lang='lat' dir='ltr'>aqua</span> <span class='ocrx_word' id='word_1_35' title='bbox 691 811 860 894; x_wconf 88' lang='lat' dir='ltr'>fontesque</span> <span class='ocrx_word' id='word_1_36' title='bbox 880 809 999 898; x_wconf 83' lang='lat' dir='ltr'>Velini,</span> 
     </span>
    </p>

    <p class='ocr_par' dir='ltr' id='par_1_7' title="bbox 205 907 1049 991">
     <span class='ocr_line' id='line_1_9' title="bbox 205 907 1049 991; baseline 0.002 -21"><span class='ocrx_word' id='word_1_37' title='bbox 205 911 237 971; x_wconf 90' lang='lat' dir='ltr'>et</span> <span class='ocrx_word' id='word_1_38' title='bbox 260 907 402 990; x_wconf 86' lang='lat' dir='ltr'>trepidae</span> <span class='ocrx_word' id='word_1_39' title='bbox 424 912 543 971; x_wconf 88' lang='lat' dir='ltr'>matres</span> <span class='ocrx_word' id='word_1_40' title='bbox 566 930 710 991; x_wconf 89' lang='lat' dir='ltr'>pressere</span> <span class='ocrx_word' id='word_1_41' title='bbox 733 908 772 971; x_wconf 89' lang='lat' dir='ltr'>ad</span> <span class='ocrx_word' id='word_1_42' title='bbox 794 911 924 991; x_wconf 83' lang='lat' dir='ltr'>pectora</span> <span class='ocrx_word' id='word_1_43' title='bbox 945 911 1049 972; x_wconf 77' lang='lat' dir='ltr'>natos,</span> 
     </span>
    </p>

    <p class='ocr_par' dir='ltr' id='par_1_8' title="bbox 204 1003 1096 1089">
     <span class='ocr_line' id='line_1_10' title="bbox 204 1003 1096 1089; baseline -0.001 -22"><span class='ocrx_word' id='word_1_44' title='bbox 204 1009 276 1067; x_wconf 88' lang='lat' dir='ltr'>tum</span> <span class='ocrx_word' id='word_1_45' title='bbox 298 1025 372 1068; x_wconf 82' lang='lat' dir='ltr'>vero</span> <span class='ocrx_word' id='word_1_46' title='bbox 397 1003 436 1066; x_wconf 88' lang='lat' dir='ltr'>ad</span> <span class='ocrx_word' id='word_1_47' title='bbox 458 1025 568 1068; x_wconf 86' lang='lat' dir='ltr'>vocem</span> <span class='ocrx_word' id='word_1_48' title='bbox 592 1005 718 1089; x_wconf 62' lang='lat' dir='ltr'>celeres</span> <span class='ocrx_word' id='word_1_49' title='bbox 742 1026 804 1086; x_wconf 89' lang='lat' dir='ltr'>qua</span> <span class='ocrx_word' id='word_1_50' title='bbox 827 1004 944 1068; x_wconf 89' lang='lat' dir='ltr'>bucina</span> <span class='ocrx_word' id='word_1_51' title='bbox 967 1005 1096 1089; x_wconf 88' lang='lat' dir='ltr'>signum</span> 
     </span>
    </p>

    <p class='ocr_par' dir='ltr' id='par_1_9' title="bbox 204 1100 1201 1282">
     <span class='ocr_line' id='line_1_11' title="bbox 205 1100 1201 1186; baseline 0 -22"><span class='ocrx_word' id='word_1_52' title='bbox 205 1101 274 1164; x_wconf 87' lang='lat' dir='ltr'>dira</span> <span class='ocrx_word' id='word_1_53' title='bbox 297 1100 392 1186; x_wconf 77' lang='lat' dir='ltr'>dedit,</span> <span class='ocrx_word' id='word_1_54' title='bbox 415 1101 517 1184; x_wconf 89' lang='lat' dir='ltr'>raptis</span> <span class='ocrx_word' id='word_1_55' title='bbox 541 1105 734 1164; x_wconf 86' lang='lat' dir='ltr'>concurrunt</span> <span class='ocrx_word' id='word_1_56' title='bbox 756 1101 896 1182; x_wconf 91' lang='lat' dir='ltr'>undique</span> <span class='ocrx_word' id='word_1_57' title='bbox 919 1101 994 1164; x_wconf 87' lang='lat' dir='ltr'>telis</span> <span class='ocrx_word' id='word_1_58' title='bbox 1154 1117 1201 1164; x_wconf 77' lang='lat' dir='ltr'>tao</span> 
     </span>
     <span class='ocr_line' id='line_1_12' title="bbox 204 1197 1018 1282; baseline -0.001 -20"><span class='ocrx_word' id='word_1_59' title='bbox 204 1198 354 1262; x_wconf 88' lang='lat' dir='ltr'>indomiti</span> <span class='ocrx_word' id='word_1_60' title='bbox 378 1198 550 1282; x_wconf 78' lang='lat' dir='ltr'>agricolae3</span> <span class='ocrx_word' id='word_1_61' title='bbox 573 1219 631 1261; x_wconf 90' lang='lat' dir='ltr'>nec</span> <span class='ocrx_word' id='word_1_62' title='bbox 653 1220 720 1262; x_wconf 94' lang='lat' dir='ltr'>non</span> <span class='ocrx_word' id='word_1_63' title='bbox 742 1203 774 1262; x_wconf 90' lang='lat' dir='ltr'>ct</span> <span class='ocrx_word' id='word_1_64' title='bbox 797 1198 894 1262; x_wconf 83' lang='lat' dir='ltr'>Troia</span> <span class='ocrx_word' id='word_1_65' title='bbox 917 1197 1018 1280; x_wconf 87' lang='lat' dir='ltr'>pubes</span> 
     </span>
    </p>

    <p class='ocr_par' dir='ltr' id='par_1_10' title="bbox 204 1295 969 1378">
     <span class='ocr_line' id='line_1_13' title="bbox 204 1295 969 1378; baseline 0 -20"><span class='ocrx_word' id='word_1_66' title='bbox 204 1295 344 1359; x_wconf 85' lang='lat' dir='ltr'>Ascanio</span> <span class='ocrx_word' id='word_1_67' title='bbox 369 1295 524 1358; x_wconf 83' lang='lat' dir='ltr'>auxilium</span> <span class='ocrx_word' id='word_1_68' title='bbox 547 1295 660 1359; x_wconf 87' lang='lat' dir='ltr'>castris</span> <span class='ocrx_word' id='word_1_69' title='bbox 685 1295 819 1358; x_wconf 85' lang='lat' dir='ltr'>effundit</span> <span class='ocrx_word' id='word_1_70' title='bbox 842 1295 969 1378; x_wconf 87' lang='lat' dir='ltr'>apertis.</span> 
     </span>
    </p>

    <p class='ocr_par' dir='ltr' id='par_1_11' title="bbox 206 1392 1014 1574">
     <span class='ocr_line' id='line_1_14' title="bbox 206 1392 1014 1477; baseline -0.004 -20"><span class='ocrx_word' id='word_1_71' title='bbox 206 1394 352 1457; x_wconf 88' lang='lat' dir='ltr'>derexere</span> <span class='ocrx_word' id='word_1_72' title='bbox 377 1392 467 1456; x_wconf 82' lang='lat' dir='ltr'>acies</span> <span class='ocrx_word' id='word_1_73' title='bbox 512 1415 579 1456; x_wconf 91' lang='lat' dir='ltr'>non</span> <span class='ocrx_word' id='word_1_74' title='bbox 601 1393 666 1456; x_wconf 92' lang='lat' dir='ltr'>iam</span> <span class='ocrx_word' id='word_1_75' title='bbox 689 1393 861 1456; x_wconf 86' lang='lat' dir='ltr'>certamine</span> <span class='ocrx_word' id='word_1_76' title='bbox 884 1392 1014 1477; x_wconf 77' lang='lat' dir='ltr'>agresti,</span> 
     </span>
     <span class='ocr_line' id='line_1_15' title="bbox 207 1489 1007 1574; baseline -0.003 -20"><span class='ocrx_word' id='word_1_77' title='bbox 207 1491 374 1574; x_wconf 89' lang='lat' dir='ltr'>stipitibus</span> <span class='ocrx_word' id='word_1_78' title='bbox 398 1490 486 1553; x_wconf 88' lang='lat' dir='ltr'>duris</span> <span class='ocrx_word' id='word_1_79' title='bbox 511 1490 618 1574; x_wconf 88' lang='lat' dir='ltr'>agitur</span> <span class='ocrx_word' id='word_1_80' title='bbox 642 1489 815 1553; x_wconf 88' lang='lat' dir='ltr'>sudibusve</span> <span class='ocrx_word' id='word_1_81' title='bbox 837 1489 1007 1574; x_wconf 83' lang='lat' dir='ltr'>praeustis,</span> 
     </span>
    </p>

    <p class='ocr_par' dir='ltr' id='par_1_12' title="bbox 207 1586 1198 1670">
     <span class='ocr_line' id='line_1_16' title="bbox 207 1586 1198 1670; baseline -0.001 -19"><span class='ocrx_word' id='word_1_82' title='bbox 207 1587 261 1651; x_wconf 88' lang='lat' dir='ltr'>sed</span> <span class='ocrx_word' id='word_1_83' title='bbox 283 1587 367 1650; x_wconf 88' lang='lat' dir='ltr'>ferro</span> <span class='ocrx_word' id='word_1_84' title='bbox 392 1587 525 1668; x_wconf 89' lang='lat' dir='ltr'>ancipiti</span> <span class='ocrx_word' id='word_1_85' title='bbox 549 1586 722 1650; x_wconf 85' lang='lat' dir='ltr'>decernunt</span> <span class='ocrx_word' id='word_1_86' title='bbox 746 1591 878 1670; x_wconf 88' lang='lat' dir='ltr'>atraque</span> <span class='ocrx_word' id='word_1_87' title='bbox 900 1587 966 1650; x_wconf 88' lang='lat' dir='ltr'>late</span> <span class='ocrx_word' id='word_1_88' title='bbox 1154 1602 1198 1650; x_wconf 75' lang='lat'>625</span> 
     </span>
    </p>
   </div>
   <div class='ocr_carea' id='block_1_5' title="bbox 196 1683 1082 1768">
    <p class='ocr_par' dir='ltr' id='par_1_13' title="bbox 196 1683 1082 1768">
     <span class='ocr_line' id='line_1_17' title="bbox 196 1683 1082 1768; baseline -0.002 -20"><span class='ocrx_word' id='word_1_89' title='bbox 196 1684 363 1748; x_wconf 71' lang='lat' dir='ltr'>‘horrescit</span> <span class='ocrx_word' id='word_1_90' title='bbox 386 1684 507 1747; x_wconf 88' lang='lat' dir='ltr'>strictis</span> <span class='ocrx_word' id='word_1_91' title='bbox 532 1703 621 1768; x_wconf 85' lang='lat' dir='ltr'>seges</span> <span class='ocrx_word' id='word_1_92' title='bbox 645 1683 775 1746; x_wconf 86' lang='lat' dir='ltr'>ensibus</span> <span class='ocrx_word' id='word_1_93' title='bbox 799 1705 934 1766; x_wconf 88' lang='lat' dir='ltr'>aeraque</span> <span class='ocrx_word' id='word_1_94' title='bbox 956 1683 1082 1768; x_wconf 84' lang='lat' dir='ltr'>fulgent</span> 
     </span>
    </p>
   </div>
   <div class='ocr_carea' id='block_1_6' title="bbox 207 1779 1003 1846">
    <p class='ocr_par' dir='ltr' id='par_1_14' title="bbox 207 1779 1003 1846">
     <span class='ocr_line' id='line_1_18' title="bbox 207 1779 1003 1846; baseline -0.003 0"><span class='ocrx_word' id='word_1_95' title='bbox 207 1782 275 1846; x_wconf 91' lang='lat' dir='ltr'>sole</span> <span class='ocrx_word' id='word_1_96' title='bbox 297 1781 446 1844; x_wconf 88' lang='lat' dir='ltr'>lacessita</span> <span class='ocrx_word' id='word_1_97' title='bbox 470 1784 501 1843; x_wconf 91' lang='lat' dir='ltr'>et</span> <span class='ocrx_word' id='word_1_98' title='bbox 525 1780 628 1844; x_wconf 90' lang='lat' dir='ltr'>lucem</span> <span class='ocrx_word' id='word_1_99' title='bbox 651 1779 710 1843; x_wconf 92' lang='lat' dir='ltr'>sub</span> <span class='ocrx_word' id='word_1_100' title='bbox 733 1780 845 1843; x_wconf 89' lang='lat' dir='ltr'>nubila</span> <span class='ocrx_word' id='word_1_101' title='bbox 867 1779 1003 1844; x_wconf 88' lang='lat' dir='ltr'>iactant:</span> 
     </span>
    </p>
   </div>
   <div class='ocr_carea' id='block_1_7' title="bbox 174 1877 1051 1963">
    <p class='ocr_par' dir='ltr' id='par_1_15' title="bbox 174 1877 1051 1963">
     <span class='ocr_line' id='line_1_19' title="bbox 174 1877 1051 1963; baseline -0.002 -21"><span class='ocrx_word' id='word_1_102' title='bbox 174 1954 176 1963; x_wconf 32' lang='grc' dir='ltr'>Ι</span> <span class='ocrx_word' id='word_1_103' title='bbox 206 1879 323 1942; x_wconf 86' lang='lat' dir='ltr'>fluctus</span> <span class='ocrx_word' id='word_1_104' title='bbox 346 1878 396 1940; x_wconf 87' lang='lat' dir='ltr'>uti</span> <span class='ocrx_word' id='word_1_105' title='bbox 419 1877 522 1960; x_wconf 91' lang='lat' dir='ltr'>primo</span> <span class='ocrx_word' id='word_1_106' title='bbox 547 1877 652 1960; x_wconf 90' lang='lat' dir='ltr'>coepit</span> <span class='ocrx_word' id='word_1_107' title='bbox 676 1899 749 1940; x_wconf 88' lang='lat' dir='ltr'>cum</span> <span class='ocrx_word' id='word_1_108' title='bbox 768 1878 926 1941; x_wconf 89' lang='lat' dir='ltr'>albescere</span> <span class='ocrx_word' id='word_1_109' title='bbox 944 1881 1051 1963; x_wconf 76' lang='lat' dir='ltr'>vento,</span> 
     </span>
    </p>
   </div>
   <div class='ocr_carea' id='block_1_8' title="bbox 127 1974 1197 2159">
    <p class='ocr_par' dir='ltr' id='par_1_16' title="bbox 127 1974 1197 2159">
     <span class='ocr_line' id='line_1_20' title="bbox 127 1974 974 2060; baseline -0.005 -20"><span class='ocrx_word' id='word_1_110' title='bbox 127 1997 139 2042; x_wconf 65' lang='lat'>¹.</span> <span class='ocrx_word' id='word_1_111' title='bbox 171 2034 174 2047; x_wconf 88' lang='grc'><strong>,</strong></span> <span class='ocrx_word' id='word_1_112' title='bbox 206 1976 362 2060; x_wconf 86' lang='lat' dir='ltr'>paulatim</span> <span class='ocrx_word' id='word_1_113' title='bbox 386 1997 454 2038; x_wconf 91' lang='lat' dir='ltr'>sese</span> <span class='ocrx_word' id='word_1_114' title='bbox 477 1975 565 2038; x_wconf 89' lang='lat' dir='ltr'>tollit</span> <span class='ocrx_word' id='word_1_115' title='bbox 588 1979 729 2037; x_wconf 86' lang='lat' dir='ltr'>marcet</span> <span class='ocrx_word' id='word_1_116' title='bbox 753 1974 850 2037; x_wconf 85' lang='lat' dir='ltr'>altius</span> <span class='ocrx_word' id='word_1_117' title='bbox 873 1974 974 2037; x_wconf 88' lang='lat' dir='ltr'>undas</span> 
     </span>
     <span class='ocr_line' id='line_1_21' title="bbox 170 2071 1197 2159; baseline -0.003 -22"><span class='ocrx_word' id='word_1_118' title='bbox 170 2084 172 2095; x_wconf 91' lang='lat'>&#39;</span> <span class='ocrx_word' id='word_1_119' title='bbox 206 2073 312 2159; x_wconf 80' lang='lat' dir='ltr'>erigit,</span> <span class='ocrx_word' id='word_1_120' title='bbox 333 2071 406 2134; x_wconf 89' lang='lat' dir='ltr'>inde</span> <span class='ocrx_word' id='word_1_121' title='bbox 429 2071 493 2134; x_wconf 91' lang='lat' dir='ltr'>imo</span> <span class='ocrx_word' id='word_1_122' title='bbox 518 2071 683 2155; x_wconf 83' lang='lat' dir='ltr'>consurgit</span> <span class='ocrx_word' id='word_1_123' title='bbox 708 2071 747 2134; x_wconf 91' lang='lat' dir='ltr'>ad</span> <span class='ocrx_word' id='word_1_124' title='bbox 770 2071 899 2134; x_wconf 88' lang='lat' dir='ltr'>aethera</span> <span class='ocrx_word' id='word_1_125' title='bbox 921 2071 1029 2136; x_wconf 87' lang='lat' dir='ltr'>fundo.</span> <span class='ocrx_word' id='word_1_126' title='bbox 1154 2087 1197 2136; x_wconf 81' lang='grc'>530</span> 
     </span>
    </p>
   </div>
   <div class='ocr_carea' id='block_1_9' title="bbox 203 2168 1198 3615">
    <p class='ocr_par' dir='ltr' id='par_1_17' title="bbox 204 2168 1198 2738">
     <span class='ocr_line' id='line_1_22' title="bbox 206 2168 1115 2254; baseline -0.002 -20"><span class='ocrx_word' id='word_1_127' title='bbox 206 2171 258 2234; x_wconf 92' lang='lat' dir='ltr'>hic</span> <span class='ocrx_word' id='word_1_128' title='bbox 280 2169 404 2233; x_wconf 87' lang='lat' dir='ltr'>iuvenis</span> <span class='ocrx_word' id='word_1_129' title='bbox 428 2169 564 2252; x_wconf 87' lang='lat' dir='ltr'>primam</span> <span class='ocrx_word' id='word_1_130' title='bbox 588 2172 662 2232; x_wconf 88' lang='lat' dir='ltr'>ante</span> <span class='ocrx_word' id='word_1_131' title='bbox 685 2168 784 2231; x_wconf 88' lang='lat' dir='ltr'>aciem</span> <span class='ocrx_word' id='word_1_132' title='bbox 808 2168 962 2230; x_wconf 90' lang='lat' dir='ltr'>stridente</span> <span class='ocrx_word' id='word_1_133' title='bbox 985 2168 1115 2254; x_wconf 84' lang='lat' dir='ltr'>sagitta,</span> 
     </span>
     <span class='ocr_line' id='line_1_23' title="bbox 204 2263 1021 2350; baseline -0.005 -19"><span class='ocrx_word' id='word_1_134' title='bbox 204 2271 356 2331; x_wconf 88' lang='lat' dir='ltr'>natorum</span> <span class='ocrx_word' id='word_1_135' title='bbox 378 2265 496 2348; x_wconf 85' lang='lat' dir='ltr'>Tyrrhi</span> <span class='ocrx_word' id='word_1_136' title='bbox 518 2266 623 2328; x_wconf 86' lang='lat' dir='ltr'>fuerat</span> <span class='ocrx_word' id='word_1_137' title='bbox 647 2265 702 2347; x_wconf 90' lang='lat' dir='ltr'>qui</span> <span class='ocrx_word' id='word_1_138' title='bbox 725 2266 892 2350; x_wconf 82' lang='lat' dir='ltr'>maximus,</span> <span class='ocrx_word' id='word_1_139' title='bbox 914 2263 1021 2350; x_wconf 76' lang='lat' dir='ltr'>Almo,</span> 
     </span>
     <span class='ocr_line' id='line_1_24' title="bbox 206 2361 1142 2447; baseline -0.002 -19"><span class='ocrx_word' id='word_1_140' title='bbox 206 2364 376 2447; x_wconf 81' lang='lat' dir='ltr'>sternitur3</span> <span class='ocrx_word' id='word_1_141' title='bbox 398 2362 503 2426; x_wconf 86' lang='lat' dir='ltr'>haesit</span> <span class='ocrx_word' id='word_1_142' title='bbox 526 2363 610 2426; x_wconf 93' lang='lat' dir='ltr'>enim</span> <span class='ocrx_word' id='word_1_143' title='bbox 634 2363 693 2425; x_wconf 90' lang='lat' dir='ltr'>sub</span> <span class='ocrx_word' id='word_1_144' title='bbox 717 2367 848 2446; x_wconf 91' lang='lat' dir='ltr'>gutture</span> <span class='ocrx_word' id='word_1_145' title='bbox 870 2361 985 2426; x_wconf 83' lang='lat' dir='ltr'>volnus</span> <span class='ocrx_word' id='word_1_146' title='bbox 1009 2366 1041 2426; x_wconf 91' lang='lat' dir='ltr'>et</span> <span class='ocrx_word' id='word_1_147' title='bbox 1064 2363 1142 2426; x_wconf 90' lang='lat' dir='ltr'>udae</span> 
     </span>
     <span class='ocr_line' id='line_1_25' title="bbox 204 2458 1050 2543; baseline -0.005 -18"><span class='ocrx_word' id='word_1_148' title='bbox 204 2461 292 2525; x_wconf 86' lang='lat' dir='ltr'>vocis</span> <span class='ocrx_word' id='word_1_149' title='bbox 315 2461 377 2522; x_wconf 91' lang='lat' dir='ltr'>iter</span> <span class='ocrx_word' id='word_1_150' title='bbox 400 2464 591 2542; x_wconf 88' lang='lat' dir='ltr'>tenuemque</span> <span class='ocrx_word' id='word_1_151' title='bbox 614 2459 746 2522; x_wconf 86' lang='lat' dir='ltr'>inclusit</span> <span class='ocrx_word' id='word_1_152' title='bbox 765 2458 920 2543; x_wconf 88' lang='lat' dir='ltr'>sanguine</span> <span class='ocrx_word' id='word_1_153' title='bbox 942 2459 1050 2522; x_wconf 87' lang='lat' dir='ltr'>vitam.</span> 
     </span>
     <span class='ocr_line' id='line_1_26' title="bbox 205 2553 1198 2642; baseline -0.006 -19"><span class='ocrx_word' id='word_1_154' title='bbox 205 2580 339 2641; x_wconf 88' lang='lat' dir='ltr'>corpora</span> <span class='ocrx_word' id='word_1_155' title='bbox 362 2557 465 2621; x_wconf 92' lang='lat' dir='ltr'>multa</span> <span class='ocrx_word' id='word_1_156' title='bbox 487 2557 592 2620; x_wconf 83' lang='lat' dir='ltr'>virum</span> <span class='ocrx_word' id='word_1_157' title='bbox 615 2557 698 2620; x_wconf 89' lang='lat' dir='ltr'>circa</span> <span class='ocrx_word' id='word_1_158' title='bbox 721 2557 890 2640; x_wconf 85' lang='lat' dir='ltr'>seniorque</span> <span class='ocrx_word' id='word_1_159' title='bbox 913 2553 1078 2642; x_wconf 62' lang='lat' dir='ltr'>Galaesus</span> <span class='ocrx_word' id='word_1_160' title='bbox 1155 2571 1198 2621; x_wconf 81' lang='grc'>535</span> 
     </span>
     <span class='ocr_line' id='line_1_27' title="bbox 205 2653 1044 2738; baseline -0.002 -20"><span class='ocrx_word' id='word_1_161' title='bbox 205 2656 247 2718; x_wconf 93' lang='lat' dir='ltr'>du</span> <span class='ocrx_word' id='word_1_162' title='bbox 303 2654 374 2738; x_wconf 89' lang='lat' dir='ltr'>paci</span> <span class='ocrx_word' id='word_1_163' title='bbox 395 2653 534 2716; x_wconf 87' lang='lat' dir='ltr'>medium</span> <span class='ocrx_word' id='word_1_164' title='bbox 559 2675 592 2716; x_wconf 92' lang='lat' dir='ltr'>se</span> <span class='ocrx_word' id='word_1_165' title='bbox 616 2653 718 2738; x_wconf 82' lang='lat' dir='ltr'>offert,</span> <span class='ocrx_word' id='word_1_166' title='bbox 740 2653 936 2716; x_wconf 88' lang='lat' dir='ltr'>iustissimus</span> <span class='ocrx_word' id='word_1_167' title='bbox 960 2675 1044 2716; x_wconf 90' lang='lat' dir='ltr'>unus</span> 
     </span>
    </p>

    <p class='ocr_par' dir='ltr' id='par_1_18' title="bbox 206 2749 1011 2836">
     <span class='ocr_line' id='line_1_28' title="bbox 206 2749 1011 2836; baseline -0.002 -20"><span class='ocrx_word' id='word_1_168' title='bbox 206 2775 261 2836; x_wconf 87' lang='lat' dir='ltr'>qur</span> <span class='ocrx_word' id='word_1_169' title='bbox 283 2752 347 2816; x_wconf 87' lang='lat' dir='ltr'>fuit</span> <span class='ocrx_word' id='word_1_170' title='bbox 369 2749 587 2832; x_wconf 82' lang='lat' dir='ltr'>Ausoniisque</span> <span class='ocrx_word' id='word_1_171' title='bbox 611 2751 688 2814; x_wconf 91' lang='lat' dir='ltr'>olim</span> <span class='ocrx_word' id='word_1_172' title='bbox 712 2750 889 2815; x_wconf 89' lang='lat' dir='ltr'>ditissimus</span> <span class='ocrx_word' id='word_1_173' title='bbox 913 2751 1011 2814; x_wconf 80' lang='lat' dir='ltr'>arvis:</span> 
     </span>
    </p>

    <p class='ocr_par' dir='ltr' id='par_1_19' title="bbox 205 2847 1046 3024">
     <span class='ocr_line' id='line_1_29' title="bbox 206 2847 1046 2932; baseline 0 -20"><span class='ocrx_word' id='word_1_174' title='bbox 206 2849 348 2932; x_wconf 91' lang='lat' dir='ltr'>quinque</span> <span class='ocrx_word' id='word_1_175' title='bbox 371 2867 484 2932; x_wconf 88' lang='lat' dir='ltr'>greges</span> <span class='ocrx_word' id='word_1_176' title='bbox 507 2847 556 2910; x_wconf 92' lang='lat' dir='ltr'>illi</span> <span class='ocrx_word' id='word_1_177' title='bbox 579 2847 755 2932; x_wconf 79' lang='lat' dir='ltr'>balantum,</span> <span class='ocrx_word' id='word_1_178' title='bbox 778 2850 876 2932; x_wconf 90' lang='lat' dir='ltr'>quina</span> <span class='ocrx_word' id='word_1_179' title='bbox 898 2848 1046 2912; x_wconf 91' lang='lat' dir='ltr'>redibant</span> 
     </span>
     <span class='ocr_line' id='line_1_30' title="bbox 205 2943 1018 3024; baseline -0.005 -14"><span class='ocrx_word' id='word_1_180' title='bbox 205 2950 358 3024; x_wconf 87' lang='lat' dir='ltr'>armenta,</span> <span class='ocrx_word' id='word_1_181' title='bbox 381 2949 414 3008; x_wconf 91' lang='lat' dir='ltr'>et</span> <span class='ocrx_word' id='word_1_182' title='bbox 432 2949 553 3007; x_wconf 90' lang='lat' dir='ltr'>terram</span> <span class='ocrx_word' id='word_1_183' title='bbox 575 2948 703 3008; x_wconf 90' lang='lat' dir='ltr'>centum</span> <span class='ocrx_word' id='word_1_184' title='bbox 726 2944 870 3007; x_wconf 87' lang='lat' dir='ltr'>vertebat</span> <span class='ocrx_word' id='word_1_185' title='bbox 894 2943 1018 3006; x_wconf 87' lang='lat' dir='ltr'>aratris.</span> 
     </span>
    </p>

    <p class='ocr_par' dir='ltr' id='par_1_20' title="bbox 203 3041 1196 3513">
     <span class='ocr_line' id='line_1_31' title="bbox 249 3041 1196 3125; baseline -0.002 -21"><span class='ocrx_word' id='word_1_186' title='bbox 249 3042 356 3124; x_wconf 87' lang='lat' dir='ltr'>Atque</span> <span class='ocrx_word' id='word_1_187' title='bbox 376 3064 411 3104; x_wconf 89' lang='lat' dir='ltr'>ea</span> <span class='ocrx_word' id='word_1_188' title='bbox 429 3063 486 3124; x_wconf 89' lang='lat' dir='ltr'>per</span> <span class='ocrx_word' id='word_1_189' title='bbox 504 3063 632 3123; x_wconf 89' lang='lat' dir='ltr'>campos</span> <span class='ocrx_word' id='word_1_190' title='bbox 652 3063 753 3123; x_wconf 89' lang='lat' dir='ltr'>aequo</span> <span class='ocrx_word' id='word_1_191' title='bbox 773 3041 849 3104; x_wconf 92' lang='lat' dir='ltr'>dum</span> <span class='ocrx_word' id='word_1_192' title='bbox 862 3041 965 3104; x_wconf 87' lang='lat' dir='ltr'>Marte</span> <span class='ocrx_word' id='word_1_193' title='bbox 980 3046 1141 3125; x_wconf 83' lang='lat' dir='ltr'>geruntur,</span> <span class='ocrx_word' id='word_1_194' title='bbox 1154 3054 1196 3104; x_wconf 81' lang='lat' dir='ltr'>uo</span> 
     </span>
     <span class='ocr_line' id='line_1_32' title="bbox 205 3139 1093 3224; baseline 0.001 -23"><span class='ocrx_word' id='word_1_195' title='bbox 205 3139 356 3223; x_wconf 88' lang='lat' dir='ltr'>promissi</span> <span class='ocrx_word' id='word_1_196' title='bbox 379 3139 436 3202; x_wconf 87' lang='lat' dir='ltr'>dea</span> <span class='ocrx_word' id='word_1_197' title='bbox 458 3139 543 3202; x_wconf 84' lang='lat' dir='ltr'>facta</span> <span class='ocrx_word' id='word_1_198' title='bbox 565 3141 692 3224; x_wconf 75' lang='lat' dir='ltr'>potens,</span> <span class='ocrx_word' id='word_1_199' title='bbox 713 3139 771 3202; x_wconf 88' lang='lat' dir='ltr'>ubi</span> <span class='ocrx_word' id='word_1_200' title='bbox 794 3139 948 3222; x_wconf 87' lang='lat' dir='ltr'>sanguine</span> <span class='ocrx_word' id='word_1_201' title='bbox 972 3139 1093 3202; x_wconf 90' lang='lat' dir='ltr'>bellum</span> 
     </span>
     <span class='ocr_line' id='line_1_33' title="bbox 204 3235 1000 3322; baseline 0.001 -24"><span class='ocrx_word' id='word_1_202' title='bbox 204 3235 323 3299; x_wconf 89' lang='lat' dir='ltr'>imbuit</span> <span class='ocrx_word' id='word_1_203' title='bbox 347 3239 378 3298; x_wconf 90' lang='lat' dir='ltr'>et</span> <span class='ocrx_word' id='word_1_204' title='bbox 401 3235 522 3317; x_wconf 86' lang='lat' dir='ltr'>primae</span> <span class='ocrx_word' id='word_1_205' title='bbox 546 3235 707 3299; x_wconf 88' lang='lat' dir='ltr'>commisit</span> <span class='ocrx_word' id='word_1_206' title='bbox 730 3235 842 3299; x_wconf 87' lang='lat' dir='ltr'>funera</span> <span class='ocrx_word' id='word_1_207' title='bbox 863 3257 1000 3322; x_wconf 82' lang='lat' dir='ltr'>pugnae,</span> 
     </span>
     <span class='ocr_line' id='line_1_34' title="bbox 205 3327 1115 3415; baseline 0 -19"><span class='ocrx_word' id='word_1_208' title='bbox 205 3332 323 3396; x_wconf 88' lang='lat' dir='ltr'>deserit</span> <span class='ocrx_word' id='word_1_209' title='bbox 345 3330 535 3414; x_wconf 87' lang='lat' dir='ltr'>Hesperiam</span> <span class='ocrx_word' id='word_1_210' title='bbox 558 3335 590 3395; x_wconf 88' lang='lat' dir='ltr'>et</span> <span class='ocrx_word' id='word_1_211' title='bbox 614 3327 692 3396; x_wconf 87' lang='lat' dir='ltr'>caeli</span> <span class='ocrx_word' id='word_1_212' title='bbox 716 3353 856 3396; x_wconf 82' lang='lat' dir='ltr'>convexa</span> <span class='ocrx_word' id='word_1_213' title='bbox 878 3354 934 3415; x_wconf 87' lang='lat' dir='ltr'>per</span> <span class='ocrx_word' id='word_1_214' title='bbox 958 3355 1115 3397; x_wconf 88' lang='lat' dir='ltr'>auras...</span> 
     </span>
     <span class='ocr_line' id='line_1_35' title="bbox 203 3428 923 3513; baseline 0 -19"><span class='ocrx_word' id='word_1_215' title='bbox 203 3430 361 3494; x_wconf 89' lang='lat' dir='ltr'>lunonem</span> <span class='ocrx_word' id='word_1_216' title='bbox 384 3428 500 3492; x_wconf 84' lang='lat' dir='ltr'>victrix</span> <span class='ocrx_word' id='word_1_217' title='bbox 524 3429 651 3493; x_wconf 83' lang='lat' dir='ltr'>adfatur</span> <span class='ocrx_word' id='word_1_218' title='bbox 673 3451 750 3494; x_wconf 84' lang='lat' dir='ltr'>voce</span> <span class='ocrx_word' id='word_1_219' title='bbox 774 3431 923 3513; x_wconf 91' lang='lat' dir='ltr'>superba:</span> 
     </span>
    </p>

    <p class='ocr_par' dir='ltr' id='par_1_21' title="bbox 204 3525 1193 3615">
     <span class='ocr_line' id='line_1_36' title="bbox 204 3525 1193 3615; baseline -0.008 -23"><span class='ocrx_word' id='word_1_220' title='bbox 204 3529 266 3615; x_wconf 75' lang='lat' dir='ltr'>‘en,</span> <span class='ocrx_word' id='word_1_221' title='bbox 288 3526 429 3610; x_wconf 86' lang='lat' dir='ltr'>perfecta</span> <span class='ocrx_word' id='word_1_222' title='bbox 452 3525 513 3588; x_wconf 92' lang='lat' dir='ltr'>tibi</span> <span class='ocrx_word' id='word_1_223' title='bbox 536 3525 621 3590; x_wconf 90' lang='lat' dir='ltr'>bello</span> <span class='ocrx_word' id='word_1_224' title='bbox 646 3526 802 3590; x_wconf 88' lang='lat' dir='ltr'>discordia</span> <span class='ocrx_word' id='word_1_225' title='bbox 830 3526 930 3591; x_wconf 90' lang='lat' dir='ltr'>tristi:</span> <span class='ocrx_word' id='word_1_226' title='bbox 1152 3535 1193 3586; x_wconf 82' lang='grc'>545</span> 
     </span>
    </p>
   </div>
   <div class='ocr_carea' id='block_1_10' title="bbox 0 0 1275 3970">
    <p class='ocr_par' dir='ltr' id='par_1_22' title="bbox 0 0 1275 3970">
     <span class='ocr_line' id='line_1_37' title="bbox 0 0 1275 3970; baseline 0 0"><span class='ocrx_word' id='word_1_227' title='bbox 0 0 1275 3970; x_wconf 95' lang='lat' dir='ltr'> </span> 
     </span>
    </p>
   </div>
  </div>
 </body>
</html>
