2612 3964
421 213 568 268 VERGILI
585 213 717 270 AENEIS
736 211 776 268 ΠΙ
1038 217 1100 280 167

82 375 218 438 nomine
241 373 501 460 Achaemenides,
523 375 653 441 Troiam
676 378 821 462 genitore
843 375 1019 442 Adamasto

83 494 228 555 paupere
252 469 501 557 (mansissetque
524 473 649 536 utinam
671 473 829 561 fortunat)
852 475 1022 558 profectus.
1048 490 1100 539 615

83 569 138 632 hic
161 591 223 654 me,
248 569 324 632 dum
347 569 465 659 trepidi
487 569 626 633 crudelia
649 571 761 636 limina
784 572 918 658 lincunt,

83 667 281 732 inmemores
306 666 385 730 socii
407 670 500 730 vasto
524 665 674 751 Cyclopis
697 669 733 732 in
755 673 848 732 antro

85 765 263 828 deseruere.
309 764 422 828 domus
446 765 534 828 sanie
557 765 756 849 dapibusque
779 765 929 850 cruentis,

85 862 176 925 intus
202 883 302 944 opaca
323 861 447 945 ingens.
492 861 561 945 ipse
586 863 702 926 arduus
726 863 854 946 altaque
876 862 985 945 pulsat

87 959 192 1022 sidera
216 956 265 1044 (di
287 959 385 1022 talem
408 959 503 1022 terris
527 960 662 1023 avertite
684 957 835 1044 pesteml)
1047 973 1099 1023 620

87 1079 145 1120 nec
167 1055 241 1119 visu
264 1055 368 1119 facilis
390 1078 449 1120 nec
472 1057 559 1120 dictu
583 1056 720 1120 affabilis
744 1056 810 1120 ulli.

87 1152 266 1217 visceribus
288 1151 481 1216 miserorum
503 1157 535 1217 11
559 1154 714 1238 sanguine
736 1155 876 1218 vescitur
899 1158 979 1218 atro.

87 1251 154 1314 vidi
177 1253 306 1335 egomet
329 1249 392 1314 duo
416 1250 454 1314 de
476 1272 609 1314 numero
633 1273 705 1314 cum
728 1273 861 1335 corpora
883 1255 995 1315 nostro

87 1368 206 1430 prensa
227 1368 325 1409 manu
348 1367 465 1431 magna
487 1348 591 1412 medio
615 1349 785 1431 resupinus
808 1349 843 1412 in
866 1352 958 1412 antro

87 1445 252 1528 frangeret
276 1443 315 1506 ad
339 1465 452 1508 saxum
475 1445 625 1528 sanieque
649 1467 782 1528 expersa
804 1449 953 1509 natarent
1046 1460 1097 1509 625

87 1543 211 1626 limina,
233 1541 299 1604 vidi
323 1544 394 1605 atro
417 1562 489 1604 cum
511 1539 654 1622 membra
677 1541 810 1606 fluentia
832 1543 909 1607 tabo

87 1639 253 1703 manderet
275 1642 308 1701 et
332 1638 431 1720 tepidi
454 1642 626 1702 tremerent
651 1639 710 1702 sub
735 1641 885 1705 dentibus
908 1643 1006 1704 artus.
1083 1668 1086 1675 ·

88 1737 168 1800 haut
190 1735 311 1818 inpune
335 1736 475 1819 quidem3
497 1757 556 1800 nec
578 1736 657 1800 talia
679 1759 793 1820 passus
817 1735 928 1802 Ulixes

89 1833 251 1896 oblitusve
274 1833 357 1896 suist
379 1831 509 1896 Ithacus
533 1827 715 1898 discrimine
737 1838 838 1899 tanto.

86 1953 162 1994 nam
186 1929 284 1993 simul
306 1929 451 2012 expletus
475 1929 611 2013 dapibus
634 1930 773 2014 vinoque
797 1931 942 2014 sepultus
1046 1949 1097 1996 630

88 2027 243 2092 cervicem
264 2026 416 2090 inflexam
437 2027 547 2110 posuit
570 2027 731 2110 iacuitque
754 2049 810 2110 per
834 2031 962 2091 antrum

87 2126 263 2189 immensus
287 2123 408 2186 saniem
431 2127 579 2187 eructans
602 2127 634 2186 et
656 2124 761 2188 frusta
783 2128 915 2188 cruento

87 2245 144 2306 per
168 2243 318 2286 somnum
341 2221 514 2284 commixta
536 2242 634 2304 111110,
655 2242 715 2284 nos
738 2242 855 2306 magna
877 2222 998 2304 precati

87 2319 221 2384 numina
245 2317 417 2401 sortitique
440 2319 524 2382 vices
548 2339 612 2381 una
634 2319 775 2403 undique
798 2319 916 2382 circum

86 2418 252 2482 fundimur
276 2421 308 2480 11
330 2417 395 2479 1110
420 2416 529 2480 lumen
551 2417 749 2480 terebramus
773 2419 866 2479 acuto
1046 2432 1096 2482 631

87 2516 212 2600 ingens,
236 2513 321 2596 quod
342 2516 436 2576 torva
460 2513 565 2576 solum
589 2513 648 2576 sub
671 2513 777 2576 fronte
800 2513 931 2598 latebat,

87 2611 234 2696 Argolici
256 2598 350 2697 clipei
373 2614 428 2674 aut
450 2609 617 2674 Phoebeae
640 2611 796 2693 lampadis
819 2610 931 2694 instar,

87 2715 119 2774 et
141 2708 273 2772 tandem
294 2706 372 2770 11111
396 2707 556 2770 sociorum
577 2706 762 2770 ulciscimur
785 2706 923 2769 umbras.

88 2801 144 2871 sed
163 2805 279 2890 fugite,
302 2826 320 2868 o
344 2804 464 2890 miseri,
486 2804 590 2888 fugite
614 2808 709 2886 atque
733 2803 773 2871 ab
796 2803 891 2866 litore
914 2803 1023 2868 funem

87 2903 236 2987 rumpite.
1046 2918 1097 2968 640

87 3024 161 3066 nam
185 2999 290 3084 qualis
316 3001 518 3081 quantusque
541 3021 617 3063 cavo
640 2997 856 3080 Polyphemus
878 2997 922 3060 in·
936 3000 1029 3061 antro

86 3099 248 3183 lanigeras
273 3095 392 3159 claudit
414 3094 548 3178 pecudes
573 3098 669 3178 atque
691 3093 790 3156 ubera
813 3097 946 3178 pressat,

87 3200 217 3260 centum
239 3193 295 3256 alii
318 3215 414 3256 curva
436 3191 515 3255 haec
536 3191 686 3254 habitant
710 3190 749 3253 ad
772 3190 869 3253 litora
892 3190 989 3274 volgo

87 3292 209 3357 infandi
234 3288 390 3374 Cyclopes
414 3293 446 3352 et
470 3289 544 3352 altis
568 3287 734 3352 montibus
758 3291 874 3350 errant.

87 3390 183 3453 tertia
205 3389 271 3451 iam
292 3387 388 3450 lunae
412 3407 445 3448 se
468 3407 587 3448 cornua
609 3384 729 3448 lumine
753 3384 923 3469 complent,
1045 3399 1095 3449 641
1127 3437 1131 3445 ,

87 3509 159 3551 cum
181 3485 283 3550 vitam
305 3484 341 3546 in
363 3483 453 3547 silvis
477 3483 561 3546 inter
585 3483 709 3546 deserta
731 3483 871 3545 ferarum
