2576 3970
427 235 574 290 VERGILI
591 237 724 291 AENEIS
744 238 769 292 V
1033 240 1097 306 207

85 395 238 481 concidit,
260 399 298 460 ut
322 398 482 480 quondam
505 419 581 462 cava
603 400 741 463 concidit
764 405 820 464 aut
842 399 1044 484 Erymantho

85 495 144 555 aut
166 491 225 556 Ida
243 493 283 557 in
304 515 421 578 magna
444 495 603 559 radicibus
627 501 718 560 eruta
741 497 844 582 pinus.

84 595 289 674 consurgunt
313 591 428 655 studiis
451 591 564 656 Teucri
588 596 620 656 et
642 592 806 658 Trinacria
828 596 946 680 pubes3
1044 615 1096 660 450

83 686 114 750 it
137 687 259 751 clamor
282 688 379 773 caelo,
401 689 588 772 primusque
611 690 747 754 accurrit
769 689 902 754 Acestes

85 805 346 868 aequaevomque
369 784 409 848 ab
432 784 530 849 humo
552 785 708 849 miserans
733 787 855 851 attollit
879 788 1023 852 amicum.

85 884 121 944 at
143 902 212 945 non
234 882 379 946 tardatus
404 903 480 946 casu
500 903 603 965 neque
626 883 758 946 territus
781 881 877 948 heros

85 978 191 1042 acrior
215 977 255 1042 ad
277 998 419 1062 pugnam
441 977 524 1042 redit
547 1000 583 1042 ac
604 979 671 1043 rim
694 980 829 1044 suscitat
852 981 900 1044 ira

85 1073 174 1160 (tum
196 1073 299 1157 pudor
322 1074 462 1138 incendit
484 1075 568 1138 vires
592 1079 624 1140 et
647 1077 773 1140 conscia
795 1076 928 1163 virtus):
1043 1096 1094 1144 455

84 1171 357 1256 praecipitemque
379 1169 487 1234 Daren
510 1172 623 1236 ardens
646 1173 715 1258 agit
737 1195 874 1257 aequore
896 1179 967 1240 toto

82 1289 173 1332 nunc
195 1268 306 1331 dextra
328 1267 528 1352 ingeminans
551 1269 644 1356 ictus,
665 1271 827 1355 nuncjlle
849 1272 989 1338 sinistra,

82 1387 145 1429 nec
167 1385 258 1428 mora
278 1385 337 1428 nec
359 1365 497 1448 requies:
522 1387 618 1448 quam
639 1367 743 1431 multa
765 1368 919 1452 grandine
941 1369 1044 1434 nimbi

84 1461 282 1526 culminibus
305 1461 473 1544 crepitant,
496 1462 542 1525 sic
564 1462 671 1526 densis
694 1464 812 1529 ictibus
834 1465 930 1530 heros

84 1559 196 1624 creber
219 1561 355 1641 utraque
376 1580 473 1622 manu
495 1558 604 1642 pulsat
626 1566 796 1646 versatque
818 1561 945 1628 Dareta.
1041 1584 1094 1632 ⁴60

83 1661 158 1720 tum
179 1659 271 1738 peter
294 1653 418 1718 Aeneas
441 1656 611 1738 procedere
632 1657 761 1744 longius
784 1660 849 1724 iras

84 1757 118 1818 et
143 1752 264 1816 saevire
287 1750 400 1815 animis
424 1751 590 1817 Entellum
611 1753 677 1818 hau
698 1779 813 1839 passus
837 1757 968 1844 acerbis,

85 1851 142 1914 sed
163 1849 261 1912 finem
283 1848 438 1932 imposuit
460 1870 587 1934 pugnae
609 1853 792 1937 fessumque
814 1853 934 1920 Dareta

84 1946 205 2029 eripuit
227 1945 368 2010 mulcens
392 1945 495 2031 dictis,
518 1967 554 2010 ac
575 1948 655 2012 talia
677 1949 777 2014 fatur:

85 2041 219 2126 infelix,
243 2063 324 2125 quae
346 2045 437 2106 tanta
460 2043 602 2108 animum
623 2045 783 2112 dementia
806 2049 912 2132 cepit?
1040 2069 1091 2116 luo

83 2163 150 2204 non
171 2139 257 2203 vires
281 2139 360 2204 alias
384 2161 598 2225 conversaque
620 2143 753 2207 numina
775 2145 898 2210 sentis?

84 2238 157 2302 cede
180 2235 262 2300 deo?
307 2235 451 2320 dixitque
473 2243 506 2302 et
529 2239 652 2321 proelia
674 2261 751 2305 voce
773 2241 909 2308 diremit.

84 2337 134 2398 ast
156 2331 251 2396 illum
274 2331 330 2395 fidi
353 2333 510 2419 aequales,
533 2356 637 2419 genua
659 2358 755 2422 aegra
777 2338 959 2404 trahentem

83 2431 320 2513 iactantemque
340 2434 478 2515 utroque
500 2437 597 2514 caput
619 2455 824 2519 crassumque
846 2457 991 2502 cruorem

84 2550 136 2593 ore
159 2527 350 2592 eiectantem
372 2528 554 2612 mixtosque
576 2530 612 2594 in
634 2531 790 2615 sanguine
812 2531 932 2618 dentes,
1039 2553 1090 2600 eto

83 2626 203 2689 ducunt
227 2623 267 2687 ad
289 2623 390 2709 navis,
413 2625 599 2709 galeamque
621 2649 791 2712 ensemque
814 2631 920 2694 vocati

83 2721 253 2805 accipiunt,
276 2721 415 2803 palmam
436 2722 566 2787 Entello
589 2727 782 2810 taurumque
804 2727 971 2794 relincunt.

81 2817 132 2882 hic
154 2817 270 2902 vietor,
293 2838 446 2900 superans
469 2819 584 2884 animis
607 2825 765 2906 tauroque
788 2823 945 2907 superbus

82 2916 167 2980 ‘nate
190 2915 249 2978 dea
271 2936 392 2999 vosque
414 2916 503 2980 haec'
525 2917 633 3002 inquit
657 2921 860 3005 cognoscite,
882 2919 1006 3010 Teucri,

80 3011 216 3076 etmihi
240 3031 321 3094 quae
343 3013 464 3078 fuerint
485 3013 625 3080 iuvenali
647 3016 683 3080 in
705 3037 838 3100 corpore
860 3017 945 3084 vires
1037 3039 1088 3086 lte

80 3113 112 3172 et
136 3131 200 3193 qua
224 3108 357 3173 servetis
379 3114 564 3176 revocatum
586 3136 606 3176 a
627 3117 731 3177 morte
753 3111 894 3180 Dareta?

80 3205 171 3292 dixit,
194 3208 226 3270 et
249 3204 374 3270 adversi
397 3211 508 3272 contra
531 3209 624 3273 stetit
646 3231 703 3274 ora
725 3210 859 3298 iuvenci,

80 3303 136 3386 qui
159 3303 279 3367 donum
302 3303 429 3368 astabat
451 3325 587 3394 pugnae,
609 3306 769 3391 durosque
791 3307 922 3373 reducta

78 3399 212 3464 libravit
234 3400 346 3464 dextra
368 3399 474 3464 media
495 3401 580 3467 inter
602 3425 722 3467 cornua
743 3409 879 3492 caestus,

79 3497 207 3583 arduus,
230 3498 423 3582 effractoque
445 3498 549 3564 inlisit
571 3501 606 3564 in
629 3521 704 3565 ossa
726 3501 868 3568 cerebro:
1036 3521 1086 3568 cao

57 3571 197 3600 „ae-x.
