<?xml version="1.0" encoding="UTF-8"?>
<!DOCTYPE html PUBLIC "-//W3C//DTD XHTML 1.0 Transitional//EN"
    "http://www.w3.org/TR/xhtml1/DTD/xhtml1-transitional.dtd">
<html xmlns="http://www.w3.org/1999/xhtml" xml:lang="en" lang="en">
 <head>
  <title>
</title>
<meta http-equiv="Content-Type" content="text/html;charset=utf-8" />
  <meta name='ocr-system' content='tesseract 3.04.00' />
  <meta name='ocr-capabilities' content='ocr_page ocr_carea ocr_par ocr_line ocrx_word'/>
</head>
<body>
  <div class='ocr_page' id='page_1' title='image "./pvergilimaronis11virggoog_0303.png"; bbox 0 0 2576 3970; ppageno 0'>
   <div class='ocr_carea' id='block_1_1' title="bbox 189 207 878 277">
    <p class='ocr_par' dir='ltr' id='par_1_1' title="bbox 189 207 878 277">
     <span class='ocr_line' id='line_1_1' title="bbox 189 207 878 277; baseline -0.023 0"><span class='ocrx_word' id='word_1_1' title='bbox 189 213 254 277; x_wconf 78' lang='lat'><strong>250</strong></span> <span class='ocrx_word' id='word_1_2' title='bbox 511 209 661 265; x_wconf 81' lang='lat' dir='ltr'>VERGILI</span> <span class='ocrx_word' id='word_1_3' title='bbox 679 208 812 262; x_wconf 80' lang='lat' dir='ltr'>AENEIS</span> <span class='ocrx_word' id='word_1_4' title='bbox 826 207 878 261; x_wconf 87' lang='lat' dir='ltr'><strong>VII</strong></span> 
     </span>
    </p>
   </div>
   <div class='ocr_carea' id='block_1_2' title="bbox 188 369 1194 3557">
    <p class='ocr_par' dir='ltr' id='par_1_2' title="bbox 188 369 1185 750">
     <span class='ocr_line' id='line_1_2' title="bbox 188 369 1029 457; baseline -0.004 -20"><span class='ocrx_word' id='word_1_5' title='bbox 188 373 283 438; x_wconf 90' lang='lat' dir='ltr'><strong>multi</strong></span> <span class='ocrx_word' id='word_1_6' title='bbox 304 373 394 437; x_wconf 89' lang='lat' dir='ltr'><strong>illam</strong></span> <span class='ocrx_word' id='word_1_7' title='bbox 416 393 534 457; x_wconf 88' lang='lat' dir='ltr'><strong>magno</strong></span> <span class='ocrx_word' id='word_1_8' title='bbox 559 394 576 435; x_wconf 94' lang='lat' dir='ltr'><strong>e</strong></span> <span class='ocrx_word' id='word_1_9' title='bbox 599 371 694 435; x_wconf 89' lang='lat' dir='ltr'><strong>Latio</strong></span> <span class='ocrx_word' id='word_1_10' title='bbox 717 373 852 454; x_wconf 90' lang='lat' dir='ltr'><strong>totaque</strong></span> <span class='ocrx_word' id='word_1_11' title='bbox 875 369 1029 454; x_wconf 90' lang='lat' dir='ltr'><strong>petebant</strong></span> 
     </span>
     <span class='ocr_line' id='line_1_3' title="bbox 188 467 1185 554; baseline -0.007 -19"><span class='ocrx_word' id='word_1_12' title='bbox 188 470 342 536; x_wconf 86' lang='lat' dir='ltr'><strong>Ausonia.</strong></span> <span class='ocrx_word' id='word_1_13' title='bbox 387 469 470 554; x_wconf 90' lang='lat' dir='ltr'><strong>petit</strong></span> <span class='ocrx_word' id='word_1_14' title='bbox 494 473 568 532; x_wconf 91' lang='lat' dir='ltr'><strong>ante</strong></span> <span class='ocrx_word' id='word_1_15' title='bbox 592 468 672 532; x_wconf 92' lang='lat' dir='ltr'><strong>alios</strong></span> <span class='ocrx_word' id='word_1_16' title='bbox 696 467 929 552; x_wconf 90' lang='lat' dir='ltr'><strong>pulcherrimus</strong></span> <span class='ocrx_word' id='word_1_17' title='bbox 953 467 1057 532; x_wconf 88' lang='lat' dir='ltr'><strong>omnis</strong></span> <span class='ocrx_word' id='word_1_18' title='bbox 1158 482 1185 528; x_wconf 78' lang='lat' dir='ltr'><strong>ss</strong></span> 
     </span>
     <span class='ocr_line' id='line_1_4' title="bbox 189 563 1143 655; baseline -0.004 -23"><span class='ocrx_word' id='word_1_19' title='bbox 189 569 326 655; x_wconf 81' lang='lat' dir='ltr'><strong>Turnus,</strong></span> <span class='ocrx_word' id='word_1_20' title='bbox 349 569 417 632; x_wconf 85' lang='lat' dir='ltr'><strong>avis</strong></span> <span class='ocrx_word' id='word_1_21' title='bbox 441 567 608 650; x_wconf 75' lang='lat' dir='ltr'><strong>atavisque</strong></span> <span class='ocrx_word' id='word_1_22' title='bbox 630 568 759 650; x_wconf 85' lang='lat' dir='ltr'><strong>potens,</strong></span> <span class='ocrx_word' id='word_1_23' title='bbox 780 587 875 649; x_wconf 89' lang='lat' dir='ltr'><strong>quem</strong></span> <span class='ocrx_word' id='word_1_24' title='bbox 897 564 986 649; x_wconf 84' lang='lat' dir='ltr'><strong>regia</strong></span> <span class='ocrx_word' id='word_1_25' title='bbox 1009 563 1143 628; x_wconf 82' lang='lat' dir='ltr'><strong>coniunx</strong></span> 
     </span>
     <span class='ocr_line' id='line_1_5' title="bbox 190 663 963 750; baseline -0.003 -22"><span class='ocrx_word' id='word_1_26' title='bbox 190 665 322 750; x_wconf 90' lang='lat' dir='ltr'><strong>adiungi</strong></span> <span class='ocrx_word' id='word_1_27' title='bbox 344 686 497 750; x_wconf 83' lang='lat' dir='ltr'><strong>generum</strong></span> <span class='ocrx_word' id='word_1_28' title='bbox 519 664 601 728; x_wconf 90' lang='lat' dir='ltr'><strong>miro</strong></span> <span class='ocrx_word' id='word_1_29' title='bbox 625 663 819 746; x_wconf 78' lang='lat' dir='ltr'><strong>properabat</strong></span> <span class='ocrx_word' id='word_1_30' title='bbox 843 683 963 746; x_wconf 81' lang='lat' dir='ltr'><strong>amore3</strong></span> 
     </span>
    </p>

    <p class='ocr_par' dir='ltr' id='par_1_3' title="bbox 191 758 1023 845">
     <span class='ocr_line' id='line_1_6' title="bbox 191 758 1023 845; baseline -0.004 -19"><span class='ocrx_word' id='word_1_31' title='bbox 191 763 245 826; x_wconf 89' lang='lat' dir='ltr'><strong>sed</strong></span> <span class='ocrx_word' id='word_1_32' title='bbox 267 762 366 826; x_wconf 81' lang='lat' dir='ltr'><strong>variis</strong></span> <span class='ocrx_word' id='word_1_33' title='bbox 389 763 540 845; x_wconf 88' lang='lat' dir='ltr'><strong>portenta</strong></span> <span class='ocrx_word' id='word_1_34' title='bbox 563 760 657 823; x_wconf 91' lang='lat' dir='ltr'><strong>deum</strong></span> <span class='ocrx_word' id='word_1_35' title='bbox 680 759 858 823; x_wconf 88' lang='lat' dir='ltr'><strong>terroribus</strong></span> <span class='ocrx_word' id='word_1_36' title='bbox 882 758 1023 823; x_wconf 90' lang='lat' dir='ltr'><strong>obstant.</strong></span> 
     </span>
    </p>

    <p class='ocr_par' dir='ltr' id='par_1_4' title="bbox 189 855 1030 940">
     <span class='ocr_line' id='line_1_7' title="bbox 189 855 1030 940; baseline -0.002 -19"><span class='ocrx_word' id='word_1_37' title='bbox 189 859 300 921; x_wconf 88' lang='lat' dir='ltr'><strong>laurus</strong></span> <span class='ocrx_word' id='word_1_38' title='bbox 325 862 393 922; x_wconf 91' lang='lat' dir='ltr'><strong>erat</strong></span> <span class='ocrx_word' id='word_1_39' title='bbox 416 856 494 922; x_wconf 88' lang='lat' dir='ltr'><strong>tecti</strong></span> <span class='ocrx_word' id='word_1_40' title='bbox 517 855 621 920; x_wconf 92' lang='lat' dir='ltr'><strong>medio</strong></span> <span class='ocrx_word' id='word_1_41' title='bbox 645 857 680 920; x_wconf 91' lang='lat' dir='ltr'><strong>in</strong></span> <span class='ocrx_word' id='word_1_42' title='bbox 702 856 921 940; x_wconf 71' lang='lat' dir='ltr'><strong>penetralibus</strong></span> <span class='ocrx_word' id='word_1_43' title='bbox 945 856 1030 939; x_wconf 87' lang='lat' dir='ltr'><strong>altis,</strong></span> 
     </span>
    </p>

    <p class='ocr_par' dir='ltr' id='par_1_5' title="bbox 190 955 1186 1232">
     <span class='ocr_line' id='line_1_8' title="bbox 191 955 1186 1037; baseline -0.003 -19"><span class='ocrx_word' id='word_1_44' title='bbox 191 977 280 1019; x_wconf 88' lang='lat' dir='ltr'><strong>sacra</strong></span> <span class='ocrx_word' id='word_1_45' title='bbox 302 977 427 1020; x_wconf 89' lang='lat' dir='ltr'><strong>comam</strong></span> <span class='ocrx_word' id='word_1_46' title='bbox 448 955 632 1037; x_wconf 89' lang='lat' dir='ltr'><strong>multosque</strong></span> <span class='ocrx_word' id='word_1_47' title='bbox 654 957 745 1016; x_wconf 87' lang='lat' dir='ltr'><strong>metu</strong></span> <span class='ocrx_word' id='word_1_48' title='bbox 769 958 895 1017; x_wconf 87' lang='lat' dir='ltr'><strong>servata</strong></span> <span class='ocrx_word' id='word_1_49' title='bbox 917 975 974 1036; x_wconf 89' lang='lat' dir='ltr'><strong>per</strong></span> <span class='ocrx_word' id='word_1_50' title='bbox 998 973 1107 1037; x_wconf 86' lang='lat' dir='ltr'><strong>annos,</strong></span> <span class='ocrx_word' id='word_1_51' title='bbox 1158 968 1186 1016; x_wconf 82' lang='lat' dir='ltr'><strong>to</strong></span> 
     </span>
     <span class='ocr_line' id='line_1_9' title="bbox 191 1050 1127 1136; baseline -0.004 -20"><span class='ocrx_word' id='word_1_52' title='bbox 191 1074 287 1136; x_wconf 90' lang='lat' dir='ltr'><strong>quam</strong></span> <span class='ocrx_word' id='word_1_53' title='bbox 310 1055 402 1136; x_wconf 90' lang='lat' dir='ltr'><strong>pater</strong></span> <span class='ocrx_word' id='word_1_54' title='bbox 424 1051 597 1136; x_wconf 86' lang='lat' dir='ltr'><strong>inventam,</strong></span> <span class='ocrx_word' id='word_1_55' title='bbox 620 1051 741 1134; x_wconf 92' lang='lat' dir='ltr'><strong>primas</strong></span> <span class='ocrx_word' id='word_1_56' title='bbox 764 1072 837 1115; x_wconf 91' lang='lat' dir='ltr'><strong>curn</strong></span> <span class='ocrx_word' id='word_1_57' title='bbox 860 1050 1009 1114; x_wconf 90' lang='lat' dir='ltr'><strong>conderet</strong></span> <span class='ocrx_word' id='word_1_58' title='bbox 1033 1071 1127 1134; x_wconf 88' lang='lat' dir='ltr'><strong>arces,</strong></span> 
     </span>
     <span class='ocr_line' id='line_1_10' title="bbox 190 1146 922 1232; baseline 0 -21"><span class='ocrx_word' id='word_1_59' title='bbox 190 1149 259 1232; x_wconf 90' lang='lat' dir='ltr'><strong>ipse</strong></span> <span class='ocrx_word' id='word_1_60' title='bbox 282 1148 444 1212; x_wconf 89' lang='lat' dir='ltr'><strong>ferebatur</strong></span> <span class='ocrx_word' id='word_1_61' title='bbox 467 1146 599 1212; x_wconf 90' lang='lat' dir='ltr'><strong>Phoebo</strong></span> <span class='ocrx_word' id='word_1_62' title='bbox 623 1167 764 1211; x_wconf 90' lang='lat' dir='ltr'><strong>saorasse</strong></span> <span class='ocrx_word' id='word_1_63' title='bbox 787 1146 922 1212; x_wconf 90' lang='lat' dir='ltr'><strong>Latinus</strong></span> 
     </span>
    </p>

    <p class='ocr_par' dir='ltr' id='par_1_6' title="bbox 190 1244 1011 1329">
     <span class='ocr_line' id='line_1_11' title="bbox 190 1244 1011 1329; baseline 0 -21"><span class='ocrx_word' id='word_1_64' title='bbox 190 1244 424 1329; x_wconf 86' lang='lat' dir='ltr'><strong>Laurentisque</strong></span> <span class='ocrx_word' id='word_1_65' title='bbox 447 1245 487 1309; x_wconf 87' lang='lat' dir='ltr'><strong>ab</strong></span> <span class='ocrx_word' id='word_1_66' title='bbox 511 1267 548 1308; x_wconf 91' lang='lat' dir='ltr'><strong>ea</strong></span> <span class='ocrx_word' id='word_1_67' title='bbox 569 1266 687 1307; x_wconf 92' lang='lat' dir='ltr'><strong>nomen</strong></span> <span class='ocrx_word' id='word_1_68' title='bbox 709 1245 857 1328; x_wconf 79' lang='lat' dir='ltr'><strong>posuisse</strong></span> <span class='ocrx_word' id='word_1_69' title='bbox 880 1245 1011 1310; x_wconf 90' lang='lat' dir='ltr'><strong>colonis.</strong></span> 
     </span>
    </p>

    <p class='ocr_par' dir='ltr' id='par_1_7' title="bbox 190 1338 1184 1715">
     <span class='ocr_line' id='line_1_12' title="bbox 190 1338 1030 1428; baseline -0.002 -22"><span class='ocrx_word' id='word_1_70' title='bbox 190 1342 286 1406; x_wconf 90' lang='lat' dir='ltr'><strong>huius</strong></span> <span class='ocrx_word' id='word_1_71' title='bbox 310 1365 385 1426; x_wconf 89' lang='lat' dir='ltr'><strong>apes</strong></span> <span class='ocrx_word' id='word_1_72' title='bbox 410 1363 572 1406; x_wconf 91' lang='lat' dir='ltr'><strong>summum</strong></span> <span class='ocrx_word' id='word_1_73' title='bbox 594 1340 710 1404; x_wconf 86' lang='lat' dir='ltr'><strong>densae</strong></span> <span class='ocrx_word' id='word_1_74' title='bbox 733 1338 894 1427; x_wconf 87' lang='lat' dir='ltr'><strong>(mirabile</strong></span> <span class='ocrx_word' id='word_1_75' title='bbox 918 1338 1030 1428; x_wconf 81' lang='lat' dir='ltr'><strong>dictu),</strong></span> 
     </span>
     <span class='ocr_line' id='line_1_13' title="bbox 192 1437 1184 1525; baseline -0.003 -21"><span class='ocrx_word' id='word_1_76' title='bbox 192 1439 329 1504; x_wconf 87' lang='lat' dir='ltr'><strong>stridore</strong></span> <span class='ocrx_word' id='word_1_77' title='bbox 351 1438 476 1524; x_wconf 83' lang='lat' dir='ltr'><strong>ingenti</strong></span> <span class='ocrx_word' id='word_1_78' title='bbox 498 1437 657 1521; x_wconf 89' lang='lat' dir='ltr'><strong>liquidum</strong></span> <span class='ocrx_word' id='word_1_79' title='bbox 680 1442 770 1502; x_wconf 89' lang='lat' dir='ltr'><strong>trans</strong></span> <span class='ocrx_word' id='word_1_80' title='bbox 794 1440 922 1502; x_wconf 86' lang='lat' dir='ltr'><strong>aethera</strong></span> <span class='ocrx_word' id='word_1_81' title='bbox 944 1441 1066 1525; x_wconf 88' lang='lat' dir='ltr'><strong>vectae,</strong></span> <span class='ocrx_word' id='word_1_82' title='bbox 1157 1455 1184 1503; x_wconf 79' lang='lat'><strong>65</strong></span> 
     </span>
     <span class='ocr_line' id='line_1_14' title="bbox 193 1535 1039 1622; baseline -0.002 -21"><span class='ocrx_word' id='word_1_83' title='bbox 193 1537 343 1602; x_wconf 90' lang='lat' dir='ltr'><strong>obsedere</strong></span> <span class='ocrx_word' id='word_1_84' title='bbox 366 1536 498 1622; x_wconf 82' lang='lat' dir='ltr'><strong>apicem,</strong></span> <span class='ocrx_word' id='word_1_85' title='bbox 521 1538 553 1599; x_wconf 87' lang='lat' dir='ltr'><strong>et</strong></span> <span class='ocrx_word' id='word_1_86' title='bbox 576 1535 710 1618; x_wconf 91' lang='lat' dir='ltr'><strong>pedibus</strong></span> <span class='ocrx_word' id='word_1_87' title='bbox 733 1557 790 1618; x_wconf 89' lang='lat' dir='ltr'><strong>per</strong></span> <span class='ocrx_word' id='word_1_88' title='bbox 812 1539 925 1598; x_wconf 91' lang='lat' dir='ltr'><strong>mutua</strong></span> <span class='ocrx_word' id='word_1_89' title='bbox 946 1535 1039 1599; x_wconf 85' lang='lat' dir='ltr'><strong>nexis</strong></span> 
     </span>
     <span class='ocr_line' id='line_1_15' title="bbox 193 1631 978 1715; baseline -0.001 -18"><span class='ocrx_word' id='word_1_90' title='bbox 193 1655 325 1697; x_wconf 86' lang='lat' dir='ltr'><strong>examen</strong></span> <span class='ocrx_word' id='word_1_91' title='bbox 348 1632 493 1696; x_wconf 88' lang='lat' dir='ltr'><strong>subitum</strong></span> <span class='ocrx_word' id='word_1_92' title='bbox 515 1653 604 1695; x_wconf 90' lang='lat' dir='ltr'><strong>ramo</strong></span> <span class='ocrx_word' id='word_1_93' title='bbox 629 1631 797 1696; x_wconf 86' lang='lat' dir='ltr'><strong>frondente</strong></span> <span class='ocrx_word' id='word_1_94' title='bbox 820 1631 978 1715; x_wconf 89' lang='lat' dir='ltr'><strong>pependit.</strong></span> 
     </span>
    </p>

    <p class='ocr_par' dir='ltr' id='par_1_8' title="bbox 192 1729 1186 2107">
     <span class='ocr_line' id='line_1_16' title="bbox 193 1729 987 1813; baseline -0.003 -19"><span class='ocrx_word' id='word_1_95' title='bbox 193 1731 343 1795; x_wconf 91' lang='lat' dir='ltr'><strong>continuo</strong></span> <span class='ocrx_word' id='word_1_96' title='bbox 367 1734 456 1794; x_wconf 88' lang='lat' dir='ltr'><strong>vates</strong></span> <span class='ocrx_word' id='word_1_97' title='bbox 481 1729 661 1802; x_wconf 82' lang='lat' dir='ltr'><strong>‘externum</strong></span> <span class='ocrx_word' id='word_1_98' title='bbox 685 1729 856 1792; x_wconf 85' lang='lat' dir='ltr'><strong>cernimus’</strong></span> <span class='ocrx_word' id='word_1_99' title='bbox 879 1729 987 1813; x_wconf 92' lang='lat' dir='ltr'><strong>inquit</strong></span> 
     </span>
     <span class='ocr_line' id='line_1_17' title="bbox 193 1826 1099 1910; baseline -0.002 -18"><span class='ocrx_word' id='word_1_100' title='bbox 193 1827 375 1892; x_wconf 76' lang='lat' dir='ltr'><strong>‘adventare</strong></span> <span class='ocrx_word' id='word_1_101' title='bbox 397 1826 503 1890; x_wconf 85' lang='lat' dir='ltr'><strong>virum</strong></span> <span class='ocrx_word' id='word_1_102' title='bbox 527 1829 559 1890; x_wconf 90' lang='lat' dir='ltr'><strong>et</strong></span> <span class='ocrx_word' id='word_1_103' title='bbox 581 1826 684 1908; x_wconf 90' lang='lat' dir='ltr'><strong>partis</strong></span> <span class='ocrx_word' id='word_1_104' title='bbox 708 1829 816 1908; x_wconf 89' lang='lat' dir='ltr'><strong>petere</strong></span> <span class='ocrx_word' id='word_1_105' title='bbox 839 1847 955 1910; x_wconf 85' lang='lat' dir='ltr'><strong>agmen</strong></span> <span class='ocrx_word' id='word_1_106' title='bbox 977 1826 1099 1890; x_wconf 89' lang='lat' dir='ltr'><strong>easdem</strong></span> 
     </span>
     <span class='ocr_line' id='line_1_18' title="bbox 192 1923 1186 2008; baseline -0.004 -19"><span class='ocrx_word' id='word_1_107' title='bbox 192 1923 339 2008; x_wconf 87' lang='lat' dir='ltr'><strong>partibus</strong></span> <span class='ocrx_word' id='word_1_108' title='bbox 363 1945 401 1987; x_wconf 85' lang='lat' dir='ltr'><strong>ex</strong></span> <span class='ocrx_word' id='word_1_109' title='bbox 424 1923 525 1986; x_wconf 92' lang='lat' dir='ltr'><strong>isdem</strong></span> <span class='ocrx_word' id='word_1_110' title='bbox 548 1926 580 1986; x_wconf 89' lang='lat' dir='ltr'><strong>et</strong></span> <span class='ocrx_word' id='word_1_111' title='bbox 604 1944 729 1986; x_wconf 90' lang='lat' dir='ltr'><strong>summa</strong></span> <span class='ocrx_word' id='word_1_112' title='bbox 752 1923 944 1986; x_wconf 86' lang='lat' dir='ltr'><strong>dominarier</strong></span> <span class='ocrx_word' id='word_1_113' title='bbox 968 1925 1058 1986; x_wconf 86' lang='lat' dir='ltr'><strong>arce’</strong></span> <span class='ocrx_word' id='word_1_114' title='bbox 1160 1939 1186 1985; x_wconf 70' lang='grc' dir='ltr'><strong>το</strong></span> 
     </span>
     <span class='ocr_line' id='line_1_19' title="bbox 192 2019 977 2107; baseline -0.004 -22"><span class='ocrx_word' id='word_1_115' title='bbox 192 2025 365 2107; x_wconf 88' lang='lat' dir='ltr'><strong>praeterea,</strong></span> <span class='ocrx_word' id='word_1_116' title='bbox 388 2020 485 2084; x_wconf 81' lang='lat' dir='ltr'><strong>castis</strong></span> <span class='ocrx_word' id='word_1_117' title='bbox 509 2020 615 2083; x_wconf 88' lang='lat' dir='ltr'><strong>adolet</strong></span> <span class='ocrx_word' id='word_1_118' title='bbox 638 2020 714 2083; x_wconf 89' lang='lat' dir='ltr'><strong>dum</strong></span> <span class='ocrx_word' id='word_1_119' title='bbox 739 2019 853 2082; x_wconf 88' lang='lat' dir='ltr'><strong>altaria</strong></span> <span class='ocrx_word' id='word_1_120' title='bbox 875 2019 977 2082; x_wconf 89' lang='lat' dir='ltr'><strong>taedis</strong></span> 
     </span>
    </p>

    <p class='ocr_par' dir='ltr' id='par_1_9' title="bbox 194 2115 951 2203">
     <span class='ocr_line' id='line_1_20' title="bbox 194 2115 951 2203; baseline -0.003 -21"><span class='ocrx_word' id='word_1_121' title='bbox 194 2123 225 2182; x_wconf 89' lang='lat' dir='ltr'><strong>et</strong></span> <span class='ocrx_word' id='word_1_122' title='bbox 248 2118 339 2182; x_wconf 88' lang='lat' dir='ltr'><strong>iuxta</strong></span> <span class='ocrx_word' id='word_1_123' title='bbox 362 2117 540 2203; x_wconf 86' lang='lat' dir='ltr'><strong>genitorem</strong></span> <span class='ocrx_word' id='word_1_124' title='bbox 564 2117 669 2180; x_wconf 88' lang='lat' dir='ltr'><strong>adstat</strong></span> <span class='ocrx_word' id='word_1_125' title='bbox 691 2115 826 2180; x_wconf 80' lang='lat' dir='ltr'><strong>Lavinia</strong></span> <span class='ocrx_word' id='word_1_126' title='bbox 849 2116 951 2202; x_wconf 84' lang='lat' dir='ltr'><strong>virgo,</strong></span> 
     </span>
    </p>

    <p class='ocr_par' dir='ltr' id='par_1_10' title="bbox 192 2211 1188 2686">
     <span class='ocr_line' id='line_1_21' title="bbox 192 2211 1089 2301; baseline 0 -21"><span class='ocrx_word' id='word_1_127' title='bbox 192 2216 262 2281; x_wconf 83' lang='lat' dir='ltr'><strong>visa</strong></span> <span class='ocrx_word' id='word_1_128' title='bbox 284 2211 404 2301; x_wconf 86' lang='lat' dir='ltr'><strong>(nefas)</strong></span> <span class='ocrx_word' id='word_1_129' title='bbox 427 2213 534 2297; x_wconf 87' lang='lat' dir='ltr'><strong>longis</strong></span> <span class='ocrx_word' id='word_1_130' title='bbox 558 2213 782 2296; x_wconf 83' lang='lat' dir='ltr'><strong>comprendere</strong></span> <span class='ocrx_word' id='word_1_131' title='bbox 805 2212 946 2277; x_wconf 81' lang='lat' dir='ltr'><strong>crinibus</strong></span> <span class='ocrx_word' id='word_1_132' title='bbox 970 2213 1089 2301; x_wconf 89' lang='lat' dir='ltr'><strong>ignem,</strong></span> 
     </span>
     <span class='ocr_line' id='line_1_22' title="bbox 194 2309 1132 2400; baseline 0.002 -24"><span class='ocrx_word' id='word_1_133' title='bbox 194 2316 290 2395; x_wconf 88' lang='lat' dir='ltr'><strong>atque</strong></span> <span class='ocrx_word' id='word_1_134' title='bbox 313 2331 440 2374; x_wconf 91' lang='lat' dir='ltr'><strong>omnem</strong></span> <span class='ocrx_word' id='word_1_135' title='bbox 464 2312 612 2373; x_wconf 87' lang='lat' dir='ltr'><strong>ornatum</strong></span> <span class='ocrx_word' id='word_1_136' title='bbox 636 2309 766 2374; x_wconf 88' lang='lat' dir='ltr'><strong>flamma</strong></span> <span class='ocrx_word' id='word_1_137' title='bbox 788 2313 963 2394; x_wconf 84' lang='lat' dir='ltr'><strong>crepitante</strong></span> <span class='ocrx_word' id='word_1_138' title='bbox 987 2315 1132 2400; x_wconf 87' lang='lat' dir='ltr'><strong>cremari,</strong></span> 
     </span>
     <span class='ocr_line' id='line_1_23' title="bbox 193 2408 1188 2493; baseline 0 -20"><span class='ocrx_word' id='word_1_139' title='bbox 193 2408 394 2493; x_wconf 75' lang='lat' dir='ltr'><strong>*regalisque</strong></span> <span class='ocrx_word' id='word_1_140' title='bbox 417 2427 548 2470; x_wconf 86' lang='lat' dir='ltr'><strong>accensa</strong></span> <span class='ocrx_word' id='word_1_141' title='bbox 571 2427 687 2492; x_wconf 88' lang='lat' dir='ltr'><strong>eomas,</strong></span> <span class='ocrx_word' id='word_1_142' title='bbox 710 2428 839 2472; x_wconf 89' lang='lat' dir='ltr'><strong>aceensa</strong></span> <span class='ocrx_word' id='word_1_143' title='bbox 862 2428 1013 2471; x_wconf 91' lang='lat' dir='ltr'><strong>coronam</strong></span> <span class='ocrx_word' id='word_1_144' title='bbox 1160 2419 1188 2473; x_wconf 73' lang='lat' dir='ltr'><strong>tt</strong></span> 
     </span>
     <span class='ocr_line' id='line_1_24' title="bbox 194 2503 1032 2591; baseline 0 -23"><span class='ocrx_word' id='word_1_145' title='bbox 194 2505 372 2590; x_wconf 65' lang='lat' dir='ltr'><strong>*insignem</strong></span> <span class='ocrx_word' id='word_1_146' title='bbox 395 2503 540 2588; x_wconf 66' lang='lat' dir='ltr'><strong>gemmis</strong></span> <span class='ocrx_word' id='word_1_147' title='bbox 562 2503 777 2584; x_wconf 54' lang='lat' dir='ltr'><strong>tumjumida</strong></span> <span class='ocrx_word' id='word_1_148' title='bbox 791 2505 920 2590; x_wconf 75' lang='lat' dir='ltr'><strong>lumine</strong></span> <span class='ocrx_word' id='word_1_149' title='bbox 933 2505 1032 2591; x_wconf 55' lang='lat' dir='ltr'><strong>tulvo</strong></span> 
     </span>
     <span class='ocr_line' id='line_1_25' title="bbox 193 2597 995 2686; baseline -0.002 -20"><span class='ocrx_word' id='word_1_150' title='bbox 193 2601 334 2666; x_wconf 72' lang='lat' dir='ltr'><strong>*involvi</strong></span> <span class='ocrx_word' id='word_1_151' title='bbox 358 2621 394 2664; x_wconf 89' lang='lat' dir='ltr'><strong>ao</strong></span> <span class='ocrx_word' id='word_1_152' title='bbox 416 2600 496 2664; x_wconf 89' lang='lat' dir='ltr'><strong>totis</strong></span> <span class='ocrx_word' id='word_1_153' title='bbox 519 2597 699 2664; x_wconf 89' lang='lat' dir='ltr'><strong>Volcanum</strong></span> <span class='ocrx_word' id='word_1_154' title='bbox 722 2623 871 2686; x_wconf 87' lang='lat' dir='ltr'><strong>spargere</strong></span> <span class='ocrx_word' id='word_1_155' title='bbox 893 2601 995 2666; x_wconf 89' lang='lat' dir='ltr'><strong>tectis.</strong></span> 
     </span>
    </p>

    <p class='ocr_par' dir='ltr' id='par_1_11' title="bbox 193 2697 974 2764">
     <span class='ocr_line' id='line_1_26' title="bbox 193 2697 974 2764; baseline -0.001 0"><span class='ocrx_word' id='word_1_156' title='bbox 193 2699 226 2764; x_wconf 93' lang='lat' dir='ltr'><strong>id</strong></span> <span class='ocrx_word' id='word_1_157' title='bbox 248 2720 323 2763; x_wconf 87' lang='lat' dir='ltr'><strong>vero</strong></span> <span class='ocrx_word' id='word_1_158' title='bbox 346 2697 543 2762; x_wconf 89' lang='lat' dir='ltr'><strong>horrendum</strong></span> <span class='ocrx_word' id='word_1_159' title='bbox 566 2718 601 2761; x_wconf 91' lang='lat' dir='ltr'><strong>ac</strong></span> <span class='ocrx_word' id='word_1_160' title='bbox 619 2697 691 2760; x_wconf 86' lang='lat' dir='ltr'><strong>visu</strong></span> <span class='ocrx_word' id='word_1_161' title='bbox 716 2699 863 2762; x_wconf 90' lang='lat' dir='ltr'><strong>mirabile</strong></span> <span class='ocrx_word' id='word_1_162' title='bbox 885 2699 974 2763; x_wconf 88' lang='lat' dir='ltr'><strong>ferri:</strong></span> 
     </span>
    </p>

    <p class='ocr_par' dir='ltr' id='par_1_12' title="bbox 193 2793 1193 3075">
     <span class='ocr_line' id='line_1_27' title="bbox 193 2793 1063 2878; baseline -0.001 -19"><span class='ocrx_word' id='word_1_163' title='bbox 193 2816 331 2878; x_wconf 88' lang='lat' dir='ltr'><strong>namque</strong></span> <span class='ocrx_word' id='word_1_164' title='bbox 353 2795 422 2858; x_wconf 84' lang='lat' dir='ltr'><strong>fore</strong></span> <span class='ocrx_word' id='word_1_165' title='bbox 444 2793 614 2858; x_wconf 79' lang='lat' dir='ltr'><strong>inlustrem</strong></span> <span class='ocrx_word' id='word_1_166' title='bbox 636 2794 721 2857; x_wconf 86' lang='lat' dir='ltr'><strong>fama</strong></span> <span class='ocrx_word' id='word_1_167' title='bbox 743 2794 883 2878; x_wconf 87' lang='lat' dir='ltr'><strong>fatisque</strong></span> <span class='ocrx_word' id='word_1_168' title='bbox 905 2794 1063 2859; x_wconf 90' lang='lat' dir='ltr'><strong>canebant</strong></span> 
     </span>
     <span class='ocr_line' id='line_1_28' title="bbox 194 2890 1193 2976; baseline 0.006 -21"><span class='ocrx_word' id='word_1_169' title='bbox 194 2893 307 2976; x_wconf 84' lang='lat' dir='ltr'><strong>ipsam,</strong></span> <span class='ocrx_word' id='word_1_170' title='bbox 331 2891 386 2956; x_wconf 91' lang='lat' dir='ltr'><strong>sed</strong></span> <span class='ocrx_word' id='word_1_171' title='bbox 408 2890 530 2973; x_wconf 89' lang='lat' dir='ltr'><strong>populo</strong></span> <span class='ocrx_word' id='word_1_172' title='bbox 549 2910 703 2974; x_wconf 89' lang='lat' dir='ltr'><strong>magnum</strong></span> <span class='ocrx_word' id='word_1_173' title='bbox 725 2891 915 2974; x_wconf 90' lang='lat' dir='ltr'><strong>portendere</strong></span> <span class='ocrx_word' id='word_1_174' title='bbox 938 2891 1067 2956; x_wconf 89' lang='lat' dir='ltr'><strong>bellum.</strong></span> <span class='ocrx_word' id='word_1_175' title='bbox 1164 2911 1193 2962; x_wconf 77' lang='lat' dir='ltr'><strong>st</strong></span> 
     </span>
     <span class='ocr_line' id='line_1_29' title="bbox 195 2986 960 3075; baseline -0.001 -23"><span class='ocrx_word' id='word_1_176' title='bbox 195 2993 228 3052; x_wconf 91' lang='lat' dir='ltr'><strong>at</strong></span> <span class='ocrx_word' id='word_1_177' title='bbox 251 3010 306 3052; x_wconf 85' lang='lat' dir='ltr'><strong>rex</strong></span> <span class='ocrx_word' id='word_1_178' title='bbox 331 2987 488 3052; x_wconf 85' lang='lat' dir='ltr'><strong>sollicitus</strong></span> <span class='ocrx_word' id='word_1_179' title='bbox 512 2988 669 3051; x_wconf 88' lang='lat' dir='ltr'><strong>monstris</strong></span> <span class='ocrx_word' id='word_1_180' title='bbox 694 2987 821 3052; x_wconf 88' lang='lat' dir='ltr'><strong>oracula</strong></span> <span class='ocrx_word' id='word_1_181' title='bbox 842 2986 960 3075; x_wconf 85' lang='lat' dir='ltr'><strong>Fauni,</strong></span> 
     </span>
    </p>

    <p class='ocr_par' dir='ltr' id='par_1_13' title="bbox 194 3085 947 3170">
     <span class='ocr_line' id='line_1_30' title="bbox 194 3085 947 3170; baseline -0.003 -20"><span class='ocrx_word' id='word_1_182' title='bbox 194 3085 317 3150; x_wconf 87' lang='lat' dir='ltr'><strong>fatidici</strong></span> <span class='ocrx_word' id='word_1_183' title='bbox 341 3085 507 3170; x_wconf 78' lang='lat' dir='ltr'><strong>genitoris,</strong></span> <span class='ocrx_word' id='word_1_184' title='bbox 531 3085 597 3148; x_wconf 91' lang='lat' dir='ltr'><strong>adit</strong></span> <span class='ocrx_word' id='word_1_185' title='bbox 619 3085 773 3168; x_wconf 90' lang='lat' dir='ltr'><strong>lucosque</strong></span> <span class='ocrx_word' id='word_1_186' title='bbox 797 3085 857 3149; x_wconf 90' lang='lat' dir='ltr'><strong>sub</strong></span> <span class='ocrx_word' id='word_1_187' title='bbox 881 3085 947 3149; x_wconf 88' lang='lat' dir='ltr'><strong>alta</strong></span> 
     </span>
    </p>

    <p class='ocr_par' dir='ltr' id='par_1_14' title="bbox 193 3180 1194 3557">
     <span class='ocr_line' id='line_1_31' title="bbox 195 3180 1087 3266; baseline -0.001 -18"><span class='ocrx_word' id='word_1_188' title='bbox 195 3181 336 3248; x_wconf 78' lang='lat' dir='ltr'><strong>consulit</strong></span> <span class='ocrx_word' id='word_1_189' title='bbox 359 3180 517 3266; x_wconf 80' lang='lat' dir='ltr'><strong>Albunea,</strong></span> <span class='ocrx_word' id='word_1_190' title='bbox 539 3202 709 3246; x_wconf 90' lang='lat' dir='ltr'><strong>nemorum</strong></span> <span class='ocrx_word' id='word_1_191' title='bbox 732 3203 812 3266; x_wconf 91' lang='lat' dir='ltr'><strong>quae</strong></span> <span class='ocrx_word' id='word_1_192' title='bbox 834 3181 974 3246; x_wconf 87' lang='lat' dir='ltr'><strong>maxima</strong></span> <span class='ocrx_word' id='word_1_193' title='bbox 997 3201 1087 3248; x_wconf 88' lang='lat' dir='ltr'><strong>sacro</strong></span> 
     </span>
     <span class='ocr_line' id='line_1_32' title="bbox 195 3279 1091 3362; baseline -0.002 -17"><span class='ocrx_word' id='word_1_194' title='bbox 195 3281 285 3345; x_wconf 88' lang='lat' dir='ltr'><strong>fonte</strong></span> <span class='ocrx_word' id='word_1_195' title='bbox 310 3282 403 3342; x_wconf 88' lang='lat' dir='ltr'><strong>sonat</strong></span> <span class='ocrx_word' id='word_1_196' title='bbox 427 3299 616 3362; x_wconf 87' lang='lat' dir='ltr'><strong>saevamque</strong></span> <span class='ocrx_word' id='word_1_197' title='bbox 640 3279 768 3344; x_wconf 87' lang='lat' dir='ltr'><strong>exhalat</strong></span> <span class='ocrx_word' id='word_1_198' title='bbox 793 3301 890 3362; x_wconf 91' lang='lat' dir='ltr'><strong>opaca</strong></span> <span class='ocrx_word' id='word_1_199' title='bbox 912 3279 1091 3362; x_wconf 88' lang='lat' dir='ltr'><strong>mephitim.</strong></span> 
     </span>
     <span class='ocr_line' id='line_1_33' title="bbox 193 3374 1194 3464; baseline 0 -24"><span class='ocrx_word' id='word_1_200' title='bbox 193 3376 271 3464; x_wconf 87' lang='lat' dir='ltr'><strong>hinc</strong></span> <span class='ocrx_word' id='word_1_201' title='bbox 292 3374 394 3438; x_wconf 89' lang='lat' dir='ltr'><strong>Italae</strong></span> <span class='ocrx_word' id='word_1_202' title='bbox 417 3379 529 3459; x_wconf 85' lang='lat' dir='ltr'><strong>gentes</strong></span> <span class='ocrx_word' id='word_1_203' title='bbox 554 3377 725 3460; x_wconf 89' lang='lat' dir='ltr'><strong>omnisque</strong></span> <span class='ocrx_word' id='word_1_204' title='bbox 749 3375 902 3441; x_wconf 90' lang='lat' dir='ltr'><strong>Oenotria</strong></span> <span class='ocrx_word' id='word_1_205' title='bbox 925 3377 1022 3440; x_wconf 87' lang='lat' dir='ltr'><strong>tellus</strong></span> <span class='ocrx_word' id='word_1_206' title='bbox 1166 3397 1194 3448; x_wconf 74' lang='lat' dir='ltr'><strong>ss</strong></span> 
     </span>
     <span class='ocr_line' id='line_1_34' title="bbox 197 3471 1045 3557; baseline 0 -19"><span class='ocrx_word' id='word_1_207' title='bbox 197 3475 232 3538; x_wconf 92' lang='lat' dir='ltr'><strong>in</strong></span> <span class='ocrx_word' id='word_1_208' title='bbox 257 3472 363 3536; x_wconf 90' lang='lat' dir='ltr'><strong>dubiis</strong></span> <span class='ocrx_word' id='word_1_209' title='bbox 386 3492 539 3554; x_wconf 90' lang='lat' dir='ltr'><strong>responsa</strong></span> <span class='ocrx_word' id='word_1_210' title='bbox 562 3476 690 3557; x_wconf 89' lang='lat' dir='ltr'><strong>petunt;</strong></span> <span class='ocrx_word' id='word_1_211' title='bbox 712 3471 776 3537; x_wconf 90' lang='lat' dir='ltr'><strong>huo</strong></span> <span class='ocrx_word' id='word_1_212' title='bbox 798 3474 880 3536; x_wconf 90' lang='lat' dir='ltr'><strong>dona</strong></span> <span class='ocrx_word' id='word_1_213' title='bbox 899 3473 1045 3538; x_wconf 87' lang='lat' dir='ltr'><strong>sacerdos</strong></span> 
     </span>
    </p>
   </div>
   <div class='ocr_carea' id='block_1_3' title="bbox 0 0 1300 3970">
    <p class='ocr_par' dir='ltr' id='par_1_15' title="bbox 0 0 1300 3970">
     <span class='ocr_line' id='line_1_35' title="bbox 0 0 1300 3970; baseline 0 0"><span class='ocrx_word' id='word_1_214' title='bbox 0 0 1300 3970; x_wconf 95' lang='lat' dir='ltr'><strong> </strong></span> 
     </span>
    </p>
   </div>
  </div>
 </body>
</html>
