2612 3964
419 227 566 282 VERGILI
584 227 717 282 AENEIS
737 228 774 280 lIl
1038 227 1100 290 157

91 393 121 452 et
144 389 291 473 glacialis
313 389 416 452 hiems
440 389 645 473 aquilonibus
669 393 796 472 asperat
819 389 935 452 undas:
1050 405 1100 452 282

91 508 158 549 aere
182 507 262 550 cavo
286 487 438 571 clipeum,
460 487 569 571 magni
592 490 757 570 gestamen
779 484 933 568 Abantis,

91 582 239 665 postibus
264 583 405 646 adversis
428 582 493 666 figo
517 587 549 646 et
571 605 639 646 rem
662 585 800 648 carmine
824 584 916 668 signo

92 679 236 742 ‘iurans
261 693 354 742 nano
376 695 424 741 oa
448 696 575 744 urrais
598 696 806 743 vroromaus
829 679 946 742 sans?

90 777 234 860 linquere
257 779 328 839 tum
350 779 463 858 portus
486 775 581 840 iubeo
605 781 638 840 et
661 775 822 839 considere
845 777 1005 839 transtris.

90 879 153 938 cert
175 874 235 937 tim
260 873 339 936 socii
360 873 481 936 feriunt
503 895 590 938 mare
613 877 645 937 et
669 894 807 956 aequora
827 877 968 936 verrunt.
1048 889 1098 936 290

90 971 238 1054 protinus
263 971 363 1035 atrias
386 969 565 1034 Phaeacum
588 967 812 1034 abscondimus
836 990 937 1054 arces,

90 1070 249 1151 litoraque
272 1067 366 1150 Epiri
388 1067 525 1152 legimus
548 1071 708 1150 portuque
732 1066 876 1130 subimus

91 1165 235 1230 Chaonio
259 1169 292 1228 et
315 1165 431 1228 celsam
453 1163 607 1228 Buthroti
631 1162 807 1226 accedimus
831 1163 950 1226 urbem.

132 1262 197 1326 Hic
219 1260 416 1324 incredibilis
438 1281 545 1323 rerum
567 1261 652 1324 fama
676 1264 808 1343 occupat
832 1260 932 1345 auris,

89 1358 272 1423 Priamiden
293 1356 453 1420 Helenum
477 1354 590 1420 Graias
613 1379 747 1441 regnare
769 1379 826 1440 per
848 1357 958 1441 urbes,
1047 1374 1098 1422 295

89 1456 239 1540 coniugio
263 1452 419 1517 Aeacidae
441 1452 558 1537 Pyrrhi
582 1455 779 1537 sceptrisque
801 1454 956 1538 potitum,

89 1557 120 1617 et
144 1552 251 1636 patrio
274 1549 521 1615 Andromachen
542 1551 660 1614 iterum
683 1550 815 1614 cessisse
838 1551 963 1614 marito.

90 1649 249 1732 obstipui,
271 1648 417 1730 miroque
440 1648 604 1711 incensum
628 1652 739 1731 pectus
764 1667 870 1710 amore

89 1746 281 1830 compellare
304 1745 409 1808 virum
432 1748 464 1807 et
487 1766 579 1808 casus
603 1765 792 1829 cognoscere
815 1747 932 1808 tantos.

89 1843 277 1928 progredior
300 1845 398 1925 portu
420 1841 537 1905 classes
561 1845 594 1905 et
616 1842 713 1906 litora
735 1843 897 1926 linquens:
1047 1860 1099 1909 ³00

89 1939 255 2005 sollemnis
279 1960 352 2001 cum
374 1939 458 2000 forte
482 1937 578 2020 dapes
602 1941 634 2001 et
657 1939 765 2002 tristia
788 1940 870 2003 dona

88 2041 163 2101 ante
186 2036 300 2098 urbem
323 2035 358 2096 in
380 2035 452 2097 luco
476 2034 551 2097 falsi
574 2031 747 2098 Simoentis
771 2037 810 2098 ad
832 2036 950 2101 undam

88 2134 213 2199 libabat
226 2132 335 2196 cineri
358 2131 580 2195 Andromache
602 2131 770 2215 manisque
792 2133 927 2197 vocabat

87 2230 285 2294 Hectoreum
312 2227 352 2291 ad
375 2227 549 2313 tumulum,
575 2229 671 2291 viridi
695 2250 788 2312 quem
812 2231 949 2313 caespite
972 2231 1099 2294 inanem

87 2333 121 2392 et
144 2326 303 2411 geminas,
326 2346 455 2388 causam
476 2324 630 2409 lacrimis,
654 2331 833 2390 sacraverat
857 2350 936 2391 aras
1048 2345 1098 2392 305

88 2427 125 2486 ut
147 2444 199 2486 me
222 2421 389 2504 conspexit
412 2421 591 2484 venientem
614 2426 646 2485 et
669 2422 766 2488 Troia
790 2424 907 2488 circum

88 2542 176 2582 arma
200 2540 309 2582 amens
332 2518 426 2602 vidit,
449 2518 574 2602 magnis
599 2520 752 2584 exterrita
774 2522 928 2584 monstris

87 2616 228 2701 deriguit
251 2615 324 2678 visu
346 2615 381 2677 in
403 2615 522 2700 medio,
544 2616 630 2678 calor
654 2637 727 2679 ossa
750 2617 896 2702 reliquit,

87 2714 223 2798 labitur,
247 2715 279 2775 et
301 2711 399 2795 longo
423 2712 477 2774 vix
501 2711 629 2775 tandem
652 2717 795 2796 tempore
818 2715 913 2778 fatur.

89 2812 215 2874 ‘verane
238 2813 272 2872 te
294 2809 405 2894 facies,
427 2831 521 2873 verus
544 2809 624 2872 mihi
647 2811 780 2874 nuntius
804 2810 923 2895 adfers,
1048 2828 1099 2876 310

86 2911 162 2970 nate
185 2906 266 2969 dea?
289 2905 434 2968 vivisne?
458 2909 528 2989 aut,
551 2907 579 2970 si
602 2907 658 2968 lux
682 2907 765 2970 alma
787 2908 932 2991 recessit,

86 3001 209 3066 Hector
236 3001 293 3065 ubi
316 3001 397 3064 est‘l'
427 3001 522 3086 dixit,
549 3003 760 3087 lacrimasque
783 3005 894 3068 effudit
917 3008 950 3068 et
974 3027 1100 3070 omnem
1203 3041 1206 3046 Δ

86 3100 235 3183 implevit
257 3099 395 3162 clamore
417 3097 531 3162 locum.
579 3100 632 3162 vix
655 3122 756 3181 pauca
779 3100 899 3163 furenti

87 3196 211 3260 subicio
235 3199 268 3259 et
290 3194 371 3258 raris
395 3196 545 3259 turbatus
569 3196 702 3259 vocibus
724 3197 829 3260 hisco:

88 3294 174 3358 ‘vivo
193 3291 349 3376 equidem,
367 3291 530 3374 vitamque
549 3295 690 3354 extrema
709 3314 765 3374 per
784 3291 891 3355 omnia
910 3292 1003 3376 duco;
1048 3309 1098 3357 315

85 3410 128 3453 ne
150 3389 277 3475 dubita,
298 3410 374 3452 nam
396 3409 471 3451 vera
493 3388 589 3452 rides.

84 3487 164 3551 haul
188 3486 259 3570 quis
282 3489 315 3549 te
338 3505 430 3548 casus
454 3485 608 3548 deiectam
631 3485 765 3568 coniuge
789 3488 881 3549 tanto
