2538 3970
152 297 218 362 280
285 285 290 297 '
460 297 611 352 vsacnr
631 297 761 352 luvris
779 297 845 352 vnr

150 480 235 524 vana
257 459 445 543 superstitio
468 463 675 543 veterumque
697 459 811 544 ignara
834 459 964 523 deorum

152 555 320 638 imposuit:
344 557 457 642 saevis,
478 556 596 640 hospes
620 553 766 641 Troiane,
790 555 918 640 periclis

154 655 271 718 servati
294 655 429 719 facimus
452 654 649 738 meritosque
671 674 827 718 novamus
850 651 997 717 honores.

153 749 218 814 iam
240 751 379 834 primum
404 750 489 814 saxis
513 773 701 834 suspensam
723 750 807 816 hanc
830 750 936 833 aspice
958 771 1091 836 rupem,

154 847 303 912 disiectae
325 848 438 931 procul
459 851 497 911 ut
519 849 620 912 moles
644 847 832 931 desertaque
854 847 973 912 montis

154 939 220 998 stat
243 937 356 1000 domus
380 940 412 1000 et
436 936 559 1018 scopuli
581 936 745 1020 ingentem
767 939 894 999 traxere
917 935 1054 1000 ruinam.

153 1033 206 1097 hic
229 1033 379 1117 spelunca
401 1032 474 1117 fuit,
496 1036 588 1098 vasto
613 1037 774 1096 summota
797 1054 933 1117 recessu,

155 1130 373 1195 semihominis
398 1126 473 1194 Caci
495 1129 591 1194 facies
616 1151 712 1213 quam
732 1129 802 1194 dira
819 1129 950 1193 tenebat

155 1227 232 1290 solis
255 1227 449 1292 inaccessam
472 1227 583 1310 radiis3
608 1247 795 1310 semperque
818 1227 939 1290 recenti

154 1323 247 1387 caede
269 1324 399 1407 tepebat
421 1324 548 1410 humus,
570 1323 759 1407 foribusque
783 1323 887 1387 adfixa
910 1315 1057 1407 superbis

155 1443 211 1485 ora
233 1420 338 1484 virum
361 1421 449 1484 tristi
472 1420 653 1504 pendebant
676 1419 796 1503 pallida
818 1420 904 1484 tabo.

153 1517 228 1582 huic
250 1521 395 1582 monstro
419 1515 581 1580 Volcanus
606 1521 674 1580 erat
696 1521 800 1600 pater:
826 1517 914 1580 illius
939 1521 1027 1580 atros

155 1637 209 1679 ore
231 1636 362 1680 vomens
385 1614 470 1698 ignis
494 1634 611 1697 magna
635 1634 668 1676 se
691 1614 775 1677 mole
797 1613 928 1678 ferebat.

155 1713 265 1776 attulit
288 1715 320 1775 et
344 1711 437 1775 nobis
462 1710 632 1793 aliquando
656 1709 843 1794 optantibus
863 1713 950 1774 aetas

154 1808 309 1872 auxilium
333 1809 567 1889 adventumque
591 1806 648 1870 dei.
693 1828 769 1870 nam
791 1807 949 1873 maximus
972 1806 1072 1892 ultor,

153 1905 323 1991 tergemini
344 1926 420 1968 nece
444 1903 611 1986 Geryonae
635 1903 810 1987 spoliisque
834 1904 1001 1989 superbus,

153 2003 281 2066 Alcides
305 2002 414 2066 aderat
435 2005 612 2083 taurosque
634 1999 694 2064 hac
717 2000 820 2064 victor
844 2001 959 2086 agebat

153 2099 304 2185 ingentis,
326 2098 505 2181 vallemque
528 2098 627 2162 boves
651 2118 838 2181 amnemque
861 2097 1022 2161 tenebant.

154 2201 188 2260 at
209 2196 290 2260 furis
314 2193 389 2261 Caci
411 2216 500 2260 mens
525 2195 630 2278 effera,
652 2195 772 2278 nequid
794 2195 944 2260 inausum

154 2299 210 2358 aut
232 2294 442 2358 intractatum
465 2292 632 2356 scelerisve
655 2291 760 2356 dolive
782 2292 907 2377 misser,

154 2396 307 2476 quattuor
331 2414 349 2454 a
373 2389 511 2453 stabulis
534 2388 713 2472 praestanti
736 2409 868 2472 corpore
891 2393 1002 2454 tauros

153 2489 279 2575 avertit,
301 2487 438 2553 totidem
460 2487 565 2550 forma
588 2489 757 2570 superante
780 2485 943 2569 iuvencas3

153 2591 249 2672 atque
271 2585 342 2670 hos,
363 2605 470 2667 nequa
491 2584 598 2648 forent
621 2583 756 2666 pedibus
780 2582 918 2666 vestigia
940 2583 1054 2669 rectis,

152 2684 251 2748 cauda
273 2682 308 2746 in
331 2681 515 2765 speluncam
538 2683 659 2744 tractos
682 2679 846 2761 versisque
869 2678 994 2743 viarum

151 2779 277 2843 indiciis
300 2781 412 2860 raptor
436 2799 513 2841 saxo
538 2776 719 2841 occultabat
743 2796 855 2858 opaco:

152 2874 317 2959 quaerenti
339 2873 430 2936 nulla
453 2873 493 2936 ad
517 2873 700 2957 speluncam
724 2872 817 2956 signa
839 2871 992 2936 ferebant.

150 2974 282 3056 interea,
304 2992 376 3034 cum
399 2969 464 3034 iam
488 2969 625 3034 stabulis
650 2972 794 3032 saturata
817 2973 960 3032 moveret

150 3067 456 3150 Amphitryoniades
480 3070 625 3130 armenta
649 3066 836 3148 abitumque
859 3069 995 3152 pararet,

150 3165 293 3229 discessu
315 3164 439 3248 mugire
462 3165 561 3228 boves
585 3167 680 3247 atque
704 3184 797 3228 omne
822 3161 971 3245 querellis

150 3262 277 3346 impleri
300 3283 412 3325 nemus
436 3265 468 3324 et
492 3261 588 3325 colles
612 3260 749 3324 clamore
773 3259 919 3342 relinqui.

149 3359 287 3424 reddidit
310 3380 374 3422 una
396 3358 494 3423 boum
517 3379 627 3422 vocem
649 3360 805 3440 vastoque
825 3357 884 3420 sub
908 3359 1000 3420 antro

148 3455 266 3542 mugiit
289 3459 322 3519 et
345 3453 420 3518 Caci
444 3477 533 3537 spem
555 3454 716 3518 custodita
739 3453 862 3518 fefellit.

147 3554 201 3618 hic
224 3574 299 3617 vero
323 3549 454 3615 Alcidae
477 3551 570 3614 furiis
595 3555 757 3614 exarserat
781 3555 852 3615 atro

1117 767 1170 816 190

1118 1242 1169 1292 195

1116 1727 1170 1776 200

1115 2213 1168 2262 205

1115 2699 1165 2746 210

1113 3183 1165 3230 215
