2574 3964
365 251 512 306 vanam
531 211 795 310 1111111111
916 301 919 308 1
1040 260 1081 322 51

78 413 154 476 adde
176 417 228 478 tot
252 415 397 499 egregias
420 415 516 480 urbes
540 437 735 500 operumque
757 417 913 503 laborem,
1035 437 1084 485 111
1136 403 1142 469 l

77 516 126 574 tot
149 515 304 596 congesta
325 534 422 576 manu
444 514 625 596 praeruptis
650 514 766 596 oppida
790 517 875 579 saxis
1136 509 1138 519 '

76 608 272 692 fluminaque
295 609 447 692 antiquos
471 613 582 692 supter
603 610 745 675 labentia
767 633 884 677 muros.
1133 566 1138 729 ξ

77 728 117 769 111
138 727 227 769 mare
250 706 337 789 quod
360 729 457 792 supra
476 728 658 792 memorem,
681 710 830 818 quodque
853 710 954 774 adluit
976 678 1136 775 infra?

76 825 156 867 anne
178 803 267 866 lacus
291 802 749 888 1111111111,1111111111111111
754 809 894 890 ‚t,eque

75 900 227 964 fluctibus
251 904 284 964 11
305 901 414 964 fremit
400 905 437 965 tu
460 857 634 985 adsurgens
656 901 780 967 Benace
801 905 949 967 marino?
1033 921 1080 970 111
1131 876 1134 912 ³

76 1021 116 1062 an
136 1019 312 1062 memorem
334 1002 449 1080 portus
472 996 674 1081 Lucrinoque
697 999 804 1062 addita
826 1001 965 1064 claustra
1133 994 1135 1007 '

1132 778 1136 873 1

76 1101 172 1178 atque
194 1094 399 1180 indignatum
421 1095 546 1179 magnis
571 1093 763 1159 stridoribus
787 1118 920 1180 aequor,

75 1192 158 1256 Iulia
181 1213 245 1276 qua
267 1196 368 1276 ponto
391 1193 487 1276 longe
510 1195 603 1256 sonat
625 1193 711 1255 unda
732 1187 839 1257 refuso

75 1289 325 1372 Tyrrhenusque
346 1287 438 1352 fretis
461 1288 650 1352 immittitur
673 1293 780 1353 aestus
802 1290 963 1354 Auernis?

75 1387 151 1451 haec
175 1387 284 1450 eadem
307 1386 433 1470 argenti
455 1385 542 1455 rivos
566 1387 711 1470 aerisque
733 1387 863 1450 metalla
1033 1403 1081 1454 165

77 1483 216 1548 ostendit
238 1483 329 1547 venis
352 1486 449 1566 atqua
472 1504 550 1546 auro
573 1483 712 1566 plurima
734 1483 836 1547 fluxit.

77 1583 151 1645 haec
173 1601 276 1666 genus
300 1601 370 1644 acre
393 1580 499 1643 virum
520 1578 646 1644 Marsos
669 1581 850 1663 pubemque
874 1579 1032 1645 Sabellam

79 1681 306 1761 adsuetumque
328 1677 413 1740 malo
437 1675 588 1761 Ligurem
611 1675 811 1761 Volscosque
832 1683 962 1742 verutos

79 1775 204 1859 extulit,
226 1773 305 1838 haec
326 1772 442 1838 Decios
466 1772 586 1838 Marios
609 1795 807 1858 magnosque
830 1774 996 1861 (1111111111,

80 1871 239 1956 Scipiadas
263 1871 360 1934 duros
384 1871 469 1934 bello
494 1876 525 1934 et
549 1875 595 1956 11,
617 1871 754 1934 maxime
778 1868 907 1957 Caesar,
1030 1891 1080 1938 170

81 1971 132 2053 qui
151 1987 238 2033 nuno
260 1967 410 2031 extremis
433 1967 531 2031 Asiae
553 1967 618 2031 iam
640 1969 743 2032 victor
765 1969 800 2032 in
823 1970 888 2033 oris

81 2067 225 2130 inbellem
249 2065 367 2128 avertis
389 2063 545 2128 Romanis
569 2064 694 2128 arcibus
717 2063 839 2128 Indum.

83 2163 174 2246 salve,
195 2181 314 2245 magna
335 2182 451 2244 parens
474 2161 618 2246 frugum,
642 2159 793 2226 Saturnia
815 2163 925 2246 tellus,

82 2279 191 2344 magna
212 2258 332 2321 virum:
355 2257 417 2320 tibi
439 2281 490 2321 111
514 2259 665 2342 antiquae
687 2260 790 2323 laudis
814 2263 846 2322 et
869 2264 970 2324 artem

82 2355 236 2440 ingredior
260 2357 350 2417 sanct
352 2374 388 2418 os
412 2375 508 2418 ausus
531 2355 691 2419 recludere
713 2357 784 2421 font
785 2357 827 2441 is,
1030 2375 1079 2423 111

82 2452 312 2534 Ascraeumque
334 2472 412 2514 cano
436 2449 582 2516 Romana
604 2475 661 2564 per
684 2455 800 2536 oppida
823 2476 955 2518 carmen

120 2547 213 2614 Nunc
234 2548 325 2612 locus
350 2571 499 2612 arvorum
519 2549 671 2642 ingeniis,
695 2572 775 2632 quae
797 2551 914 2614 robora
936 2551 1063 2638 cuique,

83 2649 147 2729 quis
170 2646 272 2729 color,
295 2649 327 2708 et
350 2667 431 2729 quae
454 2645 498 2708 sit
520 2637 617 2710 rebus
640 2651 757 2711 natura
779 2647 925 2712 ferendis.

83 2743 220 2808 difficiles
243 2743 385 2825 primum
404 2746 508 2807 terrae
531 2744 691 2828 collesque
713 2745 861 2830 maligni,

83 2843 178 2906 tenvis
200 2841 258 2904 ubi
280 2840 395 2924 argilla
418 2843 450 2903 et
473 2840 614 2905 dumosis
638 2842 777 2906 calculus
801 2842 899 2927 arvis,
1028 2859 1078 2908 180

47 3011 50 3016 Ι
83 2934 216 3002 Palladia
238 2936 379 3022 gaudent
402 2937 483 3000 silva
504 2937 624 3002 vivacis
648 2939 757 3003 olivae.
1068 2948 1070 2953 '

85 3033 224 3100 indiciost
247 3038 354 3098 tractu
377 3055 510 3118 surgens
535 3035 671 3099 oleaster
694 3036 803 3100 eodem

85 3131 230 3212 plurimus
254 3135 287 3194 et
310 3132 405 3195 strati
428 3131 514 3195 bacis
540 3131 741 3196 silvestribus
766 3131 842 3214 agri.

86 3231 211 3311 atquae
232 3227 363 3311 pinguis
385 3226 502 3290 humus
526 3228 672 3312 dulcique
694 3228 815 3312 uligine
837 3229 934 3314 11111,

86 3325 192 3408 quique
213 3325 364 3407 frequens
385 3324 494 3388 herbis
517 3330 550 3388 et
572 3325 688 3388 fertilis
711 3325 808 3390 ubere
832 3347 961 3408 campus
1029 3343 1077 3391 185

86 3417 215 3503 (qualem
238 3443 332 3504 saepe
354 3443 431 3485 cava
452 3422 571 3486 montis
595 3421 737 3485 convalle
761 3423 899 3485 solemus

86 3514 238 3600 dispicere:
261 3517 323 3581 hoc
345 3518 478 3581 summis
501 3517 669 3600 liquuntur
691 3518 826 3601 rupibus
850 3539 957 3582 amnes

881 3621 917 3672 4*
