2612 3964
435 252 584 307 VERGILI
603 252 734 307 AENEIS
754 253 779 308 11
1042 255 1106 318 135

87 417 175 479 haut
201 436 291 478 secus
315 413 504 499 Androgeos
527 415 599 479 visu
622 416 849 479 tremefactus
873 415 991 479 abibat.

87 513 256 576 innuimus
281 511 387 575 densis
412 515 443 574 et
466 511 750 575 circumfundimur
773 512 887 599 armis,

87 612 291 696 ignarosque
313 609 377 672 loci
399 609 520 692 passim
543 613 575 672 et
597 609 766 672 formidine
789 613 899 692 captos

89 707 285 771 sternimus:
309 706 451 788 adspirat
473 705 577 788 primo
600 704 745 770 Fortuna
766 707 879 770 labori.
1054 722 1106 771 385

89 809 194 888 atque
215 803 270 867 hic
293 824 440 866 successu
465 803 611 866 exultans
635 803 813 886 animisque
836 801 1000 868 Coroebus

90 903 125 966 ‘o
150 901 248 986 socii,
271 922 334 983 qua
357 898 472 983 prima’
495 899 602 983 inquit
626 899 767 963 ‘fortuna
791 901 905 964 salutis

88 1001 258 1063 monstrat
281 997 356 1082 iter,
380 1017 505 1080 quaque
529 997 670 1060 ostendit
693 1017 726 1061 se
750 997 875 1082 dextra,
899 1017 1081 1080 sequamur:

89 1101 260 1160 mutemus
283 1095 416 1179 clipeos,
438 1091 648 1177 Danaumque
671 1093 811 1178 insignia
833 1093 927 1158 nobis

89 1195 253 1275 aptemus.
291 1189 383 1253 dolus
403 1210 444 1251 an
461 1187 575 1273 virtus,
594 1190 666 1273 quis
684 1191 720 1254 in
736 1191 830 1255 hoste
849 1191 1013 1275 requirat?
1055 1205 1105 1254 390

90 1311 187 1353 arma
209 1286 332 1351 dabunt
354 1285 438 1369 ipsi?
485 1285 530 1348 sic
552 1287 638 1350 fatus
662 1287 774 1352 deinde
797 1292 976 1352 comantem

89 1384 263 1469 Androgei
287 1383 412 1468 galeam
434 1382 590 1466 clipeique
613 1383 739 1469 insigne
762 1385 911 1449 decorum

90 1483 242 1548 induitur
265 1480 422 1563 laterique
444 1477 602 1564 Argivom
625 1482 841 1546 accommodat
864 1505 979 1546 ensem.

89 1583 157 1646 hoc
180 1575 340 1662 Ripheus,
361 1576 424 1640 hoc
446 1577 515 1660 ipse
537 1575 658 1660 Dymas
683 1579 850 1663 omnisque
873 1580 1023 1643 iuventus

90 1679 183 1742 laeta
204 1673 296 1757 facit3
321 1673 433 1756 spoliis
458 1696 491 1738 se
515 1674 650 1758 quisque
672 1676 854 1740 recentibus
878 1679 988 1740 armat.
1055 1693 1106 1742 395

91 1775 243 1840 vadimus
266 1770 408 1834 immixti
430 1769 551 1834 Danais
573 1770 654 1834 haut
675 1773 806 1836 numine
828 1776 940 1836 nostro
946 1825 955 1858 ,

91 1872 263 1953 multaque
286 1890 343 1951 per
365 1889 488 1932 caecam
512 1869 675 1952 congressi
697 1870 819 1952 proelia
841 1874 968 1934 noctem

92 1967 309 2050 conserimus,
331 1964 452 2028 multos
475 1963 623 2028 Danaum
647 1965 845 2030 demittimus
870 1965 959 2031 Orco.

93 2064 273 2148 diffugiunt
296 2061 351 2124 alii
374 2060 413 2124 ad
435 2061 527 2124 navis
551 2065 582 2125 et
605 2063 702 2126 litora
725 2085 820 2127 cursu

92 2163 160 2228 fida
184 2163 313 2244 petunt,
335 2180 410 2242 pars
433 2158 597 2242 ingentem
618 2159 788 2223 formidine
811 2161 899 2244 turpi
1056 2181 1107 2229 400

95 2259 256 2325 scandunt
279 2277 391 2319 rursus
415 2278 505 2320 ecum
529 2259 561 2319 et
582 2260 661 2320 nota
684 2258 865 2322 conduntur
887 2259 922 2322 in
945 2259 1024 2323 alvo.

138 2355 216 2421 Heu
237 2353 321 2417 nihil
343 2353 454 2416 invitis
476 2354 525 2416 fas
550 2373 742 2436 quemquam
764 2354 861 2418 fidere
883 2355 980 2419 divis!

95 2476 168 2520 ecce
190 2451 380 2517 trahebatur
403 2450 507 2533 passis
530 2449 687 2513 Priameia
709 2452 802 2536 virgo

95 2551 241 2618 crinibus
266 2571 284 2612 a
305 2547 427 2631 templo
451 2544 630 2610 Cassandra
653 2549 822 2632 adytisque
844 2549 1020 2636 Minervae,
1176 2608 1177 2629 ,

96 2651 136 2715 ad
160 2647 285 2713 eaelum
307 2645 441 2708 tendens
465 2644 608 2707 ardentia
630 2645 752 2709 lumina
775 2645 910 2730 frustra,
1057 2663 1107 2712 405
1174 2653 1201 2704 ἢ.

96 2747 235 2827 lumina,
257 2763 332 2806 nam
355 2746 483 2805 teneras
507 2742 657 2805 arcebant
680 2743 808 2806 vincula
830 2744 961 2827 palmas.

95 2865 164 2908 non
182 2840 264 2927 tulit
286 2839 369 2902 hanc
392 2839 529 2922 speciem
550 2838 669 2902 furiata
692 2843 798 2903 mente
822 2837 999 2926 Coroebus,

96 2944 129 3003 et
153 2959 224 3003 sese
246 2935 387 3000 medium
408 2935 518 2998 iniecit
540 2935 703 3019 periturus
727 2937 762 2999 in
785 2957 906 3020 agmen.

96 3033 324 3116 consequimur
347 3031 453 3096 cuncti
476 3035 508 3094 et
531 3031 637 3095 densis
660 3033 853 3097 incurrimus
877 3036 983 3101 armis,

95 3132 149 3196 hio
171 3130 314 3214 primurn
336 3151 375 3192 ex
398 3129 464 3192 alto
489 3128 613 3192 delubri
636 3130 772 3194 culmine
794 3131 869 3194 telis
1056 3151 1107 3199 410

95 3233 284 3292 nostrorum
309 3225 489 3310 obruimur,
512 3225 679 3309 oriturque
700 3225 879 3288 miserrima
902 3227 1010 3291 caedes

97 3347 262 3390 armorum
283 3324 363 3387 facie
386 3327 418 3387 et
442 3321 613 3386 Graiarum
635 3343 741 3386 errore
763 3321 920 3386 iubarum.

96 3427 167 3487 tum
188 3420 296 3486 Danai
319 3420 441 3504 gemitu
464 3421 560 3503 atque
584 3423 711 3502 ereptae
732 3418 867 3503 virginis
890 3419 939 3483 ira

96 3519 237 3604 undique
261 3517 386 3581 collecti
408 3516 580 3600 invadunt,
603 3515 775 3579 acerrimus
798 3515 881 3578 Aisx
