2612 3964
430 231 579 286 VERGILI
597 231 728 285 AENEIS
747 231 773 284 II
1043 227 1104 292 147

85 395 182 478 ‘quid
205 398 334 458 tantum
357 394 472 457 insano
495 394 585 457 177771
608 393 774 478 indulgere
797 393 909 477 dolori,
1055 408 1105 456 776

87 514 107 554 o
132 491 237 554 dulcis
262 491 425 554 coniunx?
448 512 515 552 non
536 489 615 553 haec
639 491 708 554 sine
730 491 862 554 numine
884 491 992 554 divom

86 589 257 672 eveniunt3
280 609 339 651 nec
362 591 395 650 17
416 587 492 652 hinc
515 589 666 652 comitem
689 591 854 669 asportare
878 583 1031 650 Creusam

85 687 140 749 fas
166 685 301 749 77711117
325 684 403 747 sinii
427 683 535 767 superi
559 689 710 769 regnator
734 682 871 767 Olympi.

86 785 191 867 longa
208 782 272 845 tibi
291 781 395 866 exilia,
414 785 446 844 71
465 784 593 845 vastum
612 781 709 844 maris
729 802 848 863 aequor
868 780 1034 844 arandum:
1055 795 1105 844 780

88 886 123 944 71
147 885 268 943 serram
290 876 481 959 Hesperiam
503 877 624 961 venies,
647 877 704 940 ubi
726 875 859 960 Lydius
873 899 948 941 arva

87 979 177 1041 inter
201 963 309 1058 opima
331 973 437 1037 virum
459 973 524 1037 leni
547 973 620 1036 fluis
644 974 770 1058 agmine
793 973 941 1057 Thybris,

89 1076 159 1140 illic
182 1095 234 1137 res
257 1073 360 1135 177177
383 1089 582 1154 regnumque
605 1074 637 1134 71
660 1071 749 1155 regia
771 1071 911 1134 coniunx

89 1176 187 1256 paria
209 1169 283 1232 ribi:
306 1165 454 1231 lacrimas
479 1166 611 1229 dilectae
634 1167 717 1250 pelle
740 1163 886 1231 Creusae.

89 1292 160 1334 non
183 1287 242 1351 ego
266 1264 506 1348 Myrmidonum
529 1265 618 1328 sedes
641 1263 842 1348 Dolopumue
866 1265 1020 1348 superbas
1055 1280 1104 1330 785

91 1365 248 1450 aspiciam
271 1366 326 1425 aut
351 1359 445 1424 Grais
470 1361 625 1424 servitum
647 1361 806 1425 matribus
829 1362 884 1426 ibo

89 1461 253 1530 Dardanis
278 1463 309 1522 71
332 1457 423 1521 divae
445 1455 580 1520 Veneris
603 1480 719 1544 nurus,

92 1561 150 1626 sed
172 1580 224 1622 me
245 1576 363 1640 magna
385 1555 479 1618 deum
501 1555 647 1638 genetrix
670 1555 722 1619 his
746 1556 867 1620 detinet
891 1557 966 1621 cris.

91 1663 222 1742 iamque
244 1655 315 1720 vale
337 1653 461 1717 717711
485 1674 575 1716 serva
598 1655 775 1716 communis
799 1655 961 1718 amorem.'

90 1760 172 1822 haec
185 1754 243 1817 ubi
257 1753 342 1816 dicta
355 1749 452 1835 dedii,
465 1749 685 1812 lacrimantem
699 1754 731 1812 71
744 1749 847 1814 multa
860 1750 1021 1814 volentem
1054 1767 1104 1817 790

92 1857 197 1920 dicere
222 1849 361 1914 deseruit
384 1845 554 1930 tenuisque
577 1847 709 1910 recessit
731 1847 766 1910 in
790 1868 892 1911 auras.

92 1960 143 2018 ter
167 1951 301 2014 conatus
315 1945 372 2008 ‘ibi
395 1944 476 2008 collo
501 1943 575 2006 dare
598 1943 746 2007 bracchia
769 1944 900 2029 circum3

92 2057 143 2116 ter
166 2049 289 2110 frustra
313 2063 499 2124 comprensa
521 2061 635 2103 manus
659 2040 772 2125 effugit
794 2041 916 2128 image,

92 2170 152 2233 par
174 2142 301 2208 levibus
325 2140 429 2203 ventis
453 2137 639 2220 volucrique
662 2139 826 2202 simillima
850 2161 970 2203 somno,

94 2248 140 2310 sic
163 2243 292 2306 demum
315 2237 418 2300 socios
443 2238 633 2317 consumpta
655 2238 748 2298 777717
771 2235 885 2298 reviso.
1054 2252 1104 2301 ‘195

137 2341 247 2422 Atque
268 2336 322 2400 hic
344 2335 509 2418 ingeniem
531 2331 686 2395 comitum
709 2329 880 2394 adfluxisse
902 2352 1059 2395 novorum

93 2437 223 2504 invenio
247 2432 408 2496 admirans
431 2451 614 2511 numerum,
636 2431 819 2510 matresque
840 2427 1005 2514 virosque,

94 2536 262 2601 colleclam
285 2529 381 2592 exilio
404 2527 536 2611 pubem,
558 2524 886 2609 miserabilevuolgus.

94 2632 235 2714 undique
259 2645 445 2708 convenere,
468 2622 582 2685 animis
606 2621 785 2705 opibusque
807 2623 926 2708 parali,

93 2732 128 2794 in
151 2743 370 2812 quascumque
392 2719 489 2784 velim
512 2719 626 2803 pelago
651 2719 801 2782 deducere
823 2723 934 2782 177777.

93 2829 221 2909 iamque
243 2820 331 2904 iugis
356 2837 497 2882 summae
521 2815 672 2900 surgebal
695 2815 822 2879 Lucifer
844 2815 919 2878 Idae

13 2911 14 2914 ¹
95 2924 295 3003 ducebatque
319 2917 415 3002 diem,
437 2913 605 2996 Danaique
629 2913 759 2976 obsessa
782 2913 934 2975 tenebant

93 3021 206 3086 limina
228 3019 410 3100 portarum,
431 3033 490 3075 uec
514 3033 585 3094 spes
610 3011 680 3094 opis
703 3010 769 3072 ulla
792 3009 941 3072 dabaiur:

95 3118 174 3182 cessi
199 3119 231 3180 71
257 3111 385 3176 sublato
408 3112 535 3172 montes
558 3108 703 3192 genitore
726 3106 834 3188 petivi.

94 3238 308 3251 ——,-..-..-

94 3321 160 3376 tum
184 3315 226 3376 sic
250 3311 401 3372 adfarier
425 3327 511 3368 curas
533 3308 580 3366 his
605 3307 722 3366 demere
746 3306 832 3366 dictis
