2580 3962
185 223 249 274 XIV
495 220 542 272 DE
562 217 649 272 VITA
667 219 716 272 ET
732 218 889 274 scaffnis

185 382 409 446 commercium
435 381 586 444 habuisse
609 381 761 465 traditur,
789 402 926 463 quorum
953 380 1009 446 ille
1030 380 1095 444 iam
1119 384 1196 442 ante

187 501 212 542 a.
240 479 317 562 708,
348 499 406 542 nee
435 478 538 541 multo
569 482 643 560 post
675 475 838 540 Catullum
870 481 1017 540 mortuus
1048 481 1114 559 est,
1140 477 1195 540 bio

187 577 332 659 quamvis
365 598 384 638 a
410 573 555 659 Vergilio
590 574 665 638 dum
694 573 835 638 Aeneida
867 575 1031 658 componit
1062 575 1196 640 minima

186 677 402 755 contemptus,
425 677 533 736 tamen
555 671 649 734 initio
674 671 791 735 saeculi
815 672 920 736 ootavi
941 693 1044 755 neque
1067 673 1196 735 11111111

185 793 263 834 num
291 770 421 832 omnino
449 768 571 832 Romae
598 768 696 830 fuerit
724 773 756 831 et
783 773 928 832 veterum
960 769 1015 852 qui
1045 769 1196 832 dicuntur

187 871 354 950 poetarum
376 866 479 929 ordini
502 866 549 928 ita
573 865 730 948 ascriptus
753 865 826 950 fuit,
848 869 885 928 ut
906 887 947 929 ne
967 863 1103 928 Graecas
1128 865 1196 948 qui·

187 965 258 1027 dem
280 964 406 1026 litteras
430 967 500 1025 tum
523 962 660 1025 calleret.
696 961 751 1024 sed
769 959 933 1044 Vergilius
955 984 973 1024 a
992 959 1197 1045 Graecorum,

187 1061 324 1123 maxime
347 1059 639 1122 Alexandrinorum
666 1062 834 1140 poetarum
859 1058 1040 1122 imitatione
1063 1059 1196 1142 diligen-

187 1158 313 1222 tissima
331 1157 493 1239 profectus
511 1156 594 1218 inter
608 1153 772 1218 Romanos
789 1155 892 1238 prima
906 1155 985 1219 artis
1000 1177 1076 1219 suae
1092 1160 1197 1218 aetate

188 1255 324 1318 maxime
343 1253 519 1316 admiratus
538 1256 587 1316 111
606 1251 750 1334 Cinnam,
775 1250 928 1334 Smyrnae
947 1257 1109 1316 auctorem
1128 1275 1204 1316 eru-¹

188 1353 397 1434 ditissimum,
427 1354 459 1413 et
488 1350 619 1414 Varium
647 1346 716 1434 (111.
740 1347 787 1412 IX
810 1347 881 1435 35),
910 1348 1000 1412 ouius
1027 1349 1065 1411 de
1092 1353 1206 1428 morte

189 1447 333 1512 Caesaris
364 1469 477 1528 poema
504 1451 582 1510 tune
610 1447 736 1509 illustre
766 1446 865 1509 fuisse
896 1446 1031 1529 eonieio,
1063 1450 1096 1508 et
1124 1445 1197 1510 Pol-

189 1547 300 1609 1111111
324 1541 394 1630 (eol.
412 1543 459 1608 Ill
478 1543 529 1608 86.
552 1541 632 1606 VIII
653 1541 719 1630 10),
743 1543 798 1625 qui
819 1543 913 1606 ‘nova
936 1541 1097 1626 earmina,
1119 1543 1199 1606 111.

189 1643 229 1706 ad
246 1664 361 1706 novam
382 1641 460 1705 artis
479 1639 624 1724 regulam
643 1640 787 1702 elimatas
804 1641 986 1724 tragoedias
1002 1638 1197 1722 ‘Sophocleo

190 1740 302 1823 dignas
318 1737 486 1801 eothurno'
498 1737 644 1800 faciebat.
670 1737 724 1799 sed
738 1737 813 1800 huia
825 1738 1006 1801 innotuisse
1020 1738 1074 1800 vix
1087 1742 1207 1821 potest
1276 1729 1277 1754 ³

190 1840 264 1899 ante
284 1858 402 1900 annum
422 1834 496 1919 706,
519 1856 581 1918 quo
605 1833 704 1896 redux
722 1833 826 1898 Pollio
846 1856 883 1897 ex
907 1834 992 1897 bello
1011 1833 1199 1899 Pharsalico

190 1933 310 1996 Romae
325 1931 510 1994 adversatus
528 1934 577 1993 est
590 1927 777 1993 Dolabellae
794 1929 1080 2017 (Platanona).
1118 1937 1199 1996 eete-

190 2053 262 2094 rum
283 2029 442 2092 nescimus
467 2050 562 2112 quam
586 2027 640 2090 diu
663 2030 758 2109 poeta
780 2032 890 2092 noster
914 2030 988 2092 dum
1012 2029 1128 2092 studiis
1152 2030 1199 2092 in·

190 2132 298 2192 tentus
326 2129 395 2190 erat
422 2125 457 2188 in
484 2125 563 2188 urbe
591 2128 806 2188 commoratus
833 2126 890 2210 sit,
918 2126 1044 2208 quando
1067 2125 1200 2189 redierit

190 2226 230 2289 ad
253 2227 401 2308 parentes
426 2243 584 2305 quamque
608 2220 734 2284 assidue
755 2222 806 2284 vel
825 2223 942 2304 quibus
965 2222 1089 2286 visibus
1112 2223 1201 2287 intra

189 2322 250 2385 hos
274 2341 375 2384 annos
399 2320 434 2382 in
457 2339 534 2404 agro
558 2322 692 2401 paterno
717 2318 783 2380 otio
806 2319 930 2382 fruetus
954 2319 1006 2383 sit.

278 2416 449 2481 Probabile
463 2420 571 2479 tamen
584 2419 632 2478 est
647 2413 768 2477 Romae
783 2437 856 2478 eum
869 2416 978 2501 fuisse,
994 2439 1066 2480 eum
1079 2438 1200 2500 magno

190 2521 227 2578 ut
247 2515 351 2578 solent
368 2514 511 2577 nondum
525 2513 634 2575 adulta
652 2504 781 2595 ingenia
799 2514 964 2576 conamine
982 2517 1057 2597 post
1073 2514 1202 2578 minora

192 2610 345 2694 quaedam
373 2609 526 2692 earmina,
556 2630 693 2691 quorum
720 2613 805 2672 certa
832 2610 986 2672 memoria
1012 2610 1123 2694 periit,
1151 2632 1202 2676 res

191 2707 352 2772 Romanas
380 2706 447 2770 1111
472 2711 557 2788 pastu
583 2727 689 2787 repunt
713 2706 908 2770 Albanorum
935 2706 1024 2789 epieo
1052 2713 1202 2790 poemate

189 2825 319 2868 narrare
352 2802 469 2885 eoepit,
502 2801 556 2865 sed
588 2823 663 2864 mox
696 2802 805 2865 omisit
835 2825 902 2866 non
932 2807 1000 2867 tam
1030 2804 1216 2868 nominum·
1275 2805 1276 2834 ³

85 2940 87 2944 ·
192 2901 363 2984 asperitate
395 2903 474 2982 puto
505 2899 676 2962 deterritus
707 2921 802 2982 quam
834 2903 866 2961 et
895 2898 1075 2983 Ε1111111111,
1107 2901 1202 2966 ouius

191 2999 260 3080 ipse
284 2997 421 3081 vestigia
448 3017 616 3078 pressurus
645 2999 726 3080 1111,
754 2995 833 3058 11111
855 2996 907 3058 111
935 2996 1086 3059 ruditatis
1109 2997 1202 3060 fasti-

191 3096 243 3158 dio
274 3098 306 3158 et
337 3094 412 3176 quia
440 3091 633 3156 Graecorum
663 3092 839 3175 elegantiae
869 3097 936 3156 tam
967 3093 1072 3175 amplo
1104 3115 1202 3176 opere

192 3191 409 3274 adsequendae
438 3211 470 3253 11
497 3189 653 3270 imparem
683 3188 785 3251 adhue
815 3210 883 3253 esse
912 3190 1113 3274 intellegeret
1145 3189 1200 3278 (of.

192 3290 245 3353 eol.
261 3288 307 3352 VI
326 3284 467 3371 3sq.)1).
504 3306 579 3368 ergo
599 3285 759 3348 vertendis
782 3285 923 3368 primum
941 3286 1104 3350 Theocriti
1124 3289 1202 3352 alio-

264 3493 677 3566 1)’11111111111111111111111
699 3495 861 3560 inclinasset,
885 3496 1002 3562 offensas
1024 3497 1140 3550 materia
1163 3498 1211 3551 adv
