2530 3960
508 255 607 310 CIRIS.

51 439 113 480 nec
135 420 253 502 ruerat,
276 418 310 480 ni
334 414 440 499 Scylla
462 437 547 480 novo
572 419 718 498 correpta
736 416 853 500 furore,
1018 431 1067 479 130

53 513 173 598 Scylla,
195 514 296 596 patris
320 513 429 578 miseri
451 514 637 596 patriaeque
660 513 790 576 inventa
810 511 1023 596 sepulchrum,

53 634 74 674 o
96 611 234 674 nimium
257 610 379 693 cupidis
403 609 513 673 Minoa
536 608 691 672 inhiasset
715 609 834 672 ocellis.

54 709 111 771 sed
134 709 238 771 malus
260 707 315 771 ille
338 729 426 792 puer,
449 728 543 789 quem
565 727 624 769 nec
647 727 705 769 sua
727 705 855 769 flectere
876 708 978 768 mater

54 806 176 868 iratum
196 805 314 889 potuit,
337 825 432 886 quem
449 824 508 866 nec
529 806 621 885 pater
645 805 741 884 atque
764 823 841 865 avus
863 801 948 864 idem

53 901 200 984 Iuppiter
224 898 292 987 (ille
316 901 412 964 etiam
434 899 559 963 Poenos
583 899 738 962 domitare
762 899 880 983 leones,
1017 913 1066 962 135

53 1003 88 1062 et
111 997 232 1060 validas
255 997 364 1060 docuit
387 997 471 1060 vires
494 1017 713 1060 mansuescere
737 996 842 1080 tigris,

54 1096 110 1159 ille
134 1095 231 1159 etiam
254 1095 344 1158 divos
366 1093 513 1158 homines
537 1131 579 1139 —
604 1093 659 1156 sed
688 1093 790 1156 dicere
817 1114 970 1177 magnum
993 1091 1067 1177 est),

53 1191 140 1254 idem
162 1194 232 1254 tum
253 1189 358 1252 tristis
382 1189 514 1252 acuebat
537 1190 689 1271 parvulus
713 1191 786 1253 iras.

53 1287 189 1351 Iunonis
212 1307 346 1369 magnae
370 1284 475 1371 (cuius
498 1285 639 1367 periuria
662 1287 752 1352 divae

54 1385 135 1448 olim
157 1385 228 1467 †se
251 1383 431 1467 meminere,
453 1385 490 1445 ut
513 1382 577 1444 iam
600 1383 727 1464 periura
750 1382 874 1465 puellae
1017 1397 1065 1446 140

53 1483 154 1564 †non
175 1480 258 1543 nulli
279 1477 388 1565 liceat)
412 1479 588 1542 violaverat
610 1480 711 1543 inscia
734 1479 854 1565 sedem,

53 1581 132 1642 dum
156 1577 254 1641 sacris
274 1580 405 1659 operata
427 1577 502 1640 deae
524 1575 652 1640 lascivit
676 1581 708 1640 et
731 1581 822 1640 extra

54 1673 199 1758 procedit
220 1674 317 1757 longe
339 1677 479 1736 matrum
501 1673 718 1756 comitumque
736 1678 907 1756 catervam,

53 1791 244 1852 suspensam
268 1768 408 1851 gaudens
431 1769 466 1832 in
489 1789 620 1852 corpore
643 1769 753 1832 ludere
775 1773 897 1833 vestem

37 1867 86 1930 ’11
109 1865 250 1928 tumidos
274 1864 417 1948 agitante
440 1865 529 1928 sinus
554 1866 704 1948 aquilone
726 1867 882 1930 relaxans.
1016 1882 1064 1929 141

53 1963 191 2028 necdum
213 1961 309 2025 etiam
332 1965 437 2024 castos
461 1966 646 2045 gustaverat
669 1963 754 2046 ignis
777 1961 926 2046 honorae,

53 2059 190 2123 necdum
214 2058 360 2121 sollemni
381 2057 513 2139 lympha
536 2060 665 2142 perfusa
688 2060 833 2123 sacerdos

53 2156 205 2240 pallentis
228 2155 315 2218 foliis
339 2160 435 2237 caput
457 2161 627 2220 exornarat
650 2157 767 2220 olivae:

53 2276 127 2317 cum
151 2253 241 2335 lapsa
264 2273 281 2314 e
303 2252 450 2316 manibus
474 2253 560 2337 fugit
583 2254 656 2336 pila.
698 2274 833 2336 cumque
856 2253 982 2336 relapsa
1006 2259 1065 2338 cst,

53 2349 216 2434 procurrit
238 2348 339 2432 virgo.
373 2349 460 2432 quod
481 2351 530 2412 uti
553 2372 593 2414 ne
616 2350 743 2434 prodita
766 2350 841 2414 ludo
1014 2368 1064 2416 150

53 2450 201 2511 auratam
224 2446 335 2529 gracili
359 2446 508 2510 solvisset
533 2469 665 2531 corpore
688 2447 820 2530 pallam!

54 2544 172 2629 omnia,
195 2563 275 2627 quae
297 2543 434 2606 retinere
456 2544 591 2627 gradum
613 2565 787 2627 cursusque
811 2545 931 2608 morari

53 2643 197 2724 possent,
219 2660 238 2702 o
261 2642 367 2702 tecum
389 2639 504 2702 vellem
526 2645 563 2703 tu
587 2663 711 2723 semper
733 2641 881 2705 haberes:

52 2758 120 2800 non
142 2756 295 2819 umquam
317 2735 437 2798 violata
459 2759 555 2801 manu
579 2738 716 2801 sacraria
739 2738 830 2803 divae

53 2832 199 2918 iurando,
220 2833 342 2917 infelirv,
363 2835 559 2916 nequiquam
581 2835 652 2897 iura
675 2835 810 2917 piasses!
1015 2855 1063 2902 111

53 2935 103 2995 set
126 2931 155 2994 si
178 2931 250 3013 quis
273 2930 421 2994 nocuisse
444 2929 505 2993 tibi
527 2932 667 3013 periuria
691 2932 807 3016 credat,

52 3051 149 3092 causa
171 3029 225 3112 pia
248 3030 311 3090 est:
335 3027 445 3090 timuit
467 3027 560 3090 fratri
584 3033 616 3092 te
640 3029 805 3093 ostendere
828 3031 918 3094 Iunc.

331 3203 780 3245 *²3⁶*ssss

52 3323 86 3382 at
108 3319 189 3383 levis
212 3319 267 3383 ille
291 3319 377 3403 deus,
400 3319 451 3382 cui
475 3340 598 3402 semper
621 3320 660 3383 ad
683 3322 899 3386 uleiscendum

53 3416 217 3499 quaeritur
241 3438 279 3480 ex
304 3416 390 3480 omni
413 3420 546 3480 ventosa
569 3417 687 3480 iniuria
710 3419 804 3503 dicte,

52 3534 147 3576 aurea
169 3513 307 3597 fulgenti
331 3512 517 3596 depromens
540 3513 604 3576 tela
626 3514 777 3597 pharetra
1013 3534 1062 3580 160
