2552 3958
364 271 511 327 VERGILI
529 271 738 328 GEORGICON
756 273 769 326 I
1026 271 1067 334 41

63 455 124 516 quo
148 434 241 518 signo
264 434 412 498 caderent
435 434 551 520 austri,
574 434 650 518 quid
674 457 767 518 saepe
790 435 933 500 videntes

64 531 219 616 agricolae
242 531 375 614 propius
400 531 537 595 stabulis
561 536 705 601 armenta
728 537 882 597 tenerent.
1017 547 1068 596 355

64 627 213 692 continuo
236 627 343 692 ventis
367 627 574 712 surgentibus
599 633 654 692 aut
677 629 760 693 freta
781 630 875 713 ponti

64 727 221 810 incipiunt
244 726 368 811 agitata
390 730 565 790 tumescere
588 729 620 789 et
643 726 749 790 aridus
773 727 848 790 altis

64 823 227 888 montibus
252 823 355 887 audiri
378 824 501 908 fragor,
524 827 580 886 aut
602 823 787 887 resonantia
808 824 904 908 longe

65 922 160 985 litora
181 920 309 984 misceri
332 924 364 985 et
386 942 553 984 nemorum
575 919 805 985 increbrescere
827 943 979 984 murmur.

66 1019 127 1081 iam
150 1017 214 1082 sibi
235 1021 307 1081 tum
329 1017 435 1082 curvis
458 1017 540 1080 male
562 1020 720 1100 temperat
743 1018 828 1082 unda
850 1018 979 1102 carinis,
1016 1034 1068 1082 300

67 1136 162 1198 quom
183 1114 288 1180 medio
312 1115 428 1179 celeres
451 1114 597 1178 revolant
619 1137 658 1178 ex
681 1136 818 1199 aequore
839 1115 942 1200 mergi

66 1213 297 1296 clamoremque
319 1213 428 1276 ferunt
451 1211 491 1274 ad
512 1211 623 1296 litora,
645 1234 780 1296 cumque
802 1212 942 1276 marinae

66 1310 99 1372 in
121 1309 206 1374 sicco
228 1310 345 1373 ludunt
366 1309 495 1393 fulicae,
516 1313 675 1393 notasque
697 1310 822 1393 paludis

66 1407 183 1470 deserit
207 1410 303 1490 atque
326 1406 425 1470 altam
449 1407 673 1488 superevolat
696 1407 789 1471 ardea
810 1407 936 1471 nubem

68 1525 159 1586 saepe
182 1503 280 1566 etiam
302 1503 413 1567 stellas
436 1507 532 1566 vento
555 1503 747 1586 inpendente
769 1504 891 1568 videbis
1018 1519 1069 1569 355

66 1600 255 1684 praecipites
279 1600 366 1664 caelo
388 1600 468 1685 labi,
489 1599 657 1683 noctisque
679 1621 736 1684 per
757 1601 905 1665 umbram

66 1697 266 1761 flammarum
288 1698 403 1781 longos
427 1718 446 1760 a
468 1701 559 1781 tergo
583 1698 740 1762 albescere
763 1702 898 1783 tractus3

68 1816 160 1878 saepe
182 1793 284 1858 levem
306 1795 431 1877 paleam
453 1798 486 1858 et
507 1795 636 1858 frondes
658 1795 794 1860 volitare
817 1797 964 1881 caducas,

68 1896 122 1955 aut
146 1913 270 1955 summa
291 1891 400 1955 nantis
423 1891 458 1954 in
480 1913 563 1974 aqua
585 1891 743 1956 colludere
764 1893 898 1977 plumas.

68 1992 100 2051 at
122 1987 243 2052 Boreae
266 1988 304 2051 de
326 1991 417 2071 parte
439 1988 540 2052 trucis
563 2010 635 2052 cum
657 1989 820 2076 fulminat,
842 1995 875 2056 et
898 2013 970 2056 eum
1019 2008 1071 2057 370

68 2085 198 2168 eurique
221 2084 415 2168 zephyrique
437 2088 530 2148 tonat
553 2085 682 2150 domus:
706 2087 813 2151 omnia
835 2089 937 2171 plenis

68 2203 143 2244 rura
163 2184 278 2244 natant
300 2181 411 2264 fossis,
434 2184 530 2264 atque
554 2183 658 2246 omnis
680 2184 789 2248 navita
811 2189 911 2268 ponto

50 2276 174 2370 ,umida
196 2279 267 2341 vela
288 2278 376 2363 legit.
421 2300 597 2362 numquam
618 2281 863 2363 inprudentibus
885 2281 987 2345 imber

70 2373 188 2438 obfuit:
211 2378 268 2439 aut
290 2376 383 2439 illum
406 2378 591 2460 surgentem
612 2377 751 2441 vallibus
774 2378 846 2441 imis

70 2471 171 2534 atriae
193 2472 304 2555 fugere
327 2492 436 2556 grues,
459 2476 514 2535 aut
537 2473 654 2537 bucula
676 2475 798 2538 caelum
1020 2492 1072 2541 375

72 2568 244 2651 suspiciens
266 2569 387 2652 patulis
410 2569 552 2652 captavit
573 2570 706 2634 naribus
729 2593 838 2656 auras,

72 2668 125 2728 aut
147 2669 261 2750 arguta
283 2665 371 2729 lacus
394 2665 662 2730 circumvolitavit
684 2667 822 2731 hirundo

72 2767 101 2825 et
122 2767 260 2827 veterem
283 2763 318 2826 in
340 2763 418 2826 limo
441 2784 537 2826 ranae
559 2763 699 2827 cecinere
722 2764 903 2847 querellam.

73 2861 194 2943 saepius
217 2864 250 2924 et
272 2859 367 2924 tectis
389 2859 608 2944 penetralibus
632 2862 748 2925 extulit
772 2884 831 2926 ova

155 2961 241 3021 stum
249 2957 397 3046 ,formica
418 2961 525 3020 terens
548 2957 624 3042 iter,
646 2961 679 3020 et
701 2957 785 3021 bibit
806 2959 920 3042 ingens
1022 2973 1074 3022 380

66 2977 268 3138 ᾕπε
286 3039 561 3137 ffldfflens
584 3054 710 3138 agmine
732 3075 849 3139 magno

75 3168 236 3214 corvorum
257 3150 417 3234 increpuit
439 3150 546 3214 densis
570 3151 726 3216 exereitus
751 3152 818 3216 alis.

76 3243 134 3309 iarn
154 3247 260 3312 variae
282 3247 388 3332 pelagi
410 3248 555 3312 volueres
579 3250 611 3310 et
634 3269 715 3331 quae
737 3246 817 3312 Asia
840 3249 956 3312 circum

77 3341 212 3409 dulcibus
236 3345 272 3409 in
295 3345 419 3429 stagnis
442 3346 600 3410 rimantur
623 3348 716 3427 prata
739 3343 881 3432 Caystri,

79 3439 213 3504 certatim
236 3440 345 3525 largos
368 3442 486 3505 umeris
509 3442 675 3505 infundere
698 3463 799 3506 rores:
1022 3458 1074 3507 385

78 3552 152 3600 nuno
173 3540 269 3620 eaput
293 3537 452 3601 obiectare
474 3537 566 3602 fretis
572 3590 581 3624 ,
602 3559 688 3602 nunc
711 3560 836 3602 currere
858 3539 894 3602 in
915 3539 1016 3602 undas
