2514 3966
193 292 259 356 3‘12
478 257 480 264 ’
520 291 668 348 vnaornr
686 293 818 348 annuis
836 293 874 348 nr

194 455 290 520 ‘hunc
316 476 375 540 ego
398 459 440 541 te,
463 454 615 539 Euryale,
639 453 781 537 aspicio?
804 458 882 520 tune
904 455 959 520 ille
982 461 1127 523 senectae

194 573 265 616 sera
284 574 372 616 meae
396 552 531 638 requies,
554 550 692 635 potuisti
714 550 861 635 linquere
882 553 995 641 solam,

194 649 351 715 crudelis?
373 670 432 714 neo
454 653 497 734 te,
520 649 580 712 sub
604 651 696 712 tanta
719 649 860 731 pericula
882 650 1027 737 missum,

194 747 295 811 adfari
319 750 497 811 extremum
519 746 655 809 miserae
679 744 753 808 data
776 746 868 830 eopia
890 748 1008 812 matri?

193 843 266 927 heu,
288 847 375 907 terra
398 843 511 928 ignota
533 841 665 906 canibus
690 842 765 905 data
788 844 905 926 praeda
927 843 1054 910 Latinis
1154 863 1200 912 485

194 940 391 1024 alitibusque
413 940 507 1026 iaces,
529 959 588 1002 nec
611 942 643 1002 te
666 943 724 1002 tua
746 939 859 1004 funera
881 945 985 1006 mater

194 1037 331 1121 produxi
356 1025 499 1122 pressive
523 1036 631 1100 oculos
655 1039 712 1099 aut
733 1035 864 1100 volnera
887 1037 960 1123 lavi,

194 1138 283 1199 veste
304 1137 427 1220 tegens,
450 1133 512 1197 tibi
535 1154 632 1217 quam
654 1137 764 1197 noctes
788 1132 905 1197 festina
928 1133 1059 1218 diesque

194 1231 349 1316 urgebam
373 1235 405 1296 et
428 1231 492 1295 tela
516 1252 608 1295 curas
633 1230 761 1294 solabar
785 1229 888 1294 anilis.

196 1349 259 1412 quo
275 1329 411 1412 sequar?
435 1332 491 1392 aut
515 1349 596 1411 quae
609 1349 693 1391 nunc
708 1331 800 1391 artus
816 1327 987 1412 avolsaque
1001 1329 1145 1393 membra
1155 1345 1201 1392 leo

195 1429 227 1489 et
248 1425 346 1489 funus
368 1424 509 1488 lacerum
531 1422 629 1486 tellus
652 1421 772 1487 habet?
794 1424 856 1488 boo
878 1425 959 1490 mihi
982 1425 1020 1490 de
1043 1429 1086 1510 te,

194 1525 279 1606 nate,
301 1521 422 1584 refers?
444 1519 507 1584 hoc
530 1541 602 1584 sum
624 1523 774 1603 terraque
797 1523 942 1606 marique
965 1524 1096 1588 secuta?

197 1619 287 1704 figite
309 1639 369 1703 me,
392 1617 485 1701 siqua
508 1620 557 1680 est
580 1615 695 1702 pietas,
716 1616 752 1680 in
775 1640 825 1682 me
848 1619 956 1684 omnia
978 1620 1044 1684 tela

197 1715 341 1801 conicite,
365 1736 383 1780 o
406 1713 531 1797 Rutuli,
553 1735 604 1776 me
627 1713 764 1796 primam
788 1715 947 1780 absumite
970 1717 1070 1803 ferr03

198 1817 254 1877 aut
276 1817 323 1898 tu,
343 1832 458 1897 magne
481 1815 573 1895 pater
596 1810 713 1897 divom,
736 1813 885 1878 miserere
908 1817 1030 1899 tuoque
1154 1831 1198 1880 sco

197 1910 337 1974 invisum
358 1909 420 1974 hoc
442 1909 575 1973 detrude
598 1913 695 1991 caput
718 1909 778 1973 sub
802 1909 937 1975 Tartara
958 1910 1034 1996 telo,

198 2004 324 2090 quando
348 2005 441 2069 aliter
463 2026 587 2089 nequeo
611 2005 772 2070 crudelem
795 2006 983 2090 abrumpere
1005 2007 1126 2072 vitam?

197 2104 258 2168 hoc
280 2103 359 2166 fietu
381 2103 529 2167 concussi
553 2102 661 2188 animi,
683 2107 888 2187 maestusque
911 2126 968 2186 per
992 2105 1096 2168 omnis

198 2202 224 2264 it
247 2199 400 2286 gemitus:
422 2202 553 2282 torpent
580 2199 735 2263 infractae
758 2200 798 2264 ad
820 2201 944 2285 proelia
966 2201 1060 2265 vires.

198 2298 287 2362 illam
309 2296 529 2361 incendentem
552 2296 658 2360 luctus
680 2295 794 2360 Idaeus
818 2300 849 2362 et
872 2297 974 2362 Actor
1153 2313 1197 2362 coo

197 2396 312 2462 Ilionei
333 2394 460 2459 monitu
483 2398 515 2458 et
538 2394 677 2458 multum
699 2393 895 2458 lacrimantis
919 2393 983 2458 Iuli

198 2493 376 2576 corripiunt
399 2492 548 2575 interque
570 2513 684 2554 manus
709 2492 768 2556 sub
792 2495 877 2556 tecta
899 2497 1069 2576 reponunt.

242 2590 287 2654 At
310 2590 389 2654 tuba
411 2588 589 2653 terribilem
613 2589 755 2652 sonitum
777 2589 889 2672 procul
912 2611 982 2653 acre
1006 2611 1121 2656 canoro

198 2687 369 2770 increpuit3
394 2685 540 2769 sequitur
563 2685 682 2748 clamor
705 2687 889 2769 caelumque
912 2687 1060 2770 remugit.

199 2786 377 2850 adcelerant
400 2787 470 2847 acta
492 2782 612 2866 pariter
634 2782 797 2847 testudine
818 2781 930 2847 Volsci
1153 2795 1195 2847 coc

199 2886 231 2946 et
252 2883 356 2947 fossas
378 2879 511 2963 implere
534 2882 649 2962 parant
672 2901 708 2943 ac
731 2881 846 2944 vellere
865 2880 994 2944 vallum.

200 2983 357 3064 quaerunt
380 2999 454 3060 pars
478 2976 599 3039 aditum
623 2980 656 3040 et
679 2977 772 3041 scalis
796 2977 963 3042 ascendere
986 2999 1105 3063 muros,

199 3098 263 3160 qua
286 3097 358 3139 rara
381 3078 430 3138 est
454 3073 536 3136 acies
559 3072 791 3158 interlucetque
814 3093 932 3138 corona

198 3195 265 3237 non
288 3176 355 3236 tam
378 3171 482 3256 spissa
504 3171 590 3235 viris.
637 3170 775 3234 telorum
799 3170 958 3236 effundere
981 3175 1093 3236 contra

200 3290 294 3333 omne
318 3289 417 3354 genus
442 3268 556 3332 Teucri
579 3289 614 3331 ac
637 3266 725 3331 duris
751 3266 917 3332 detrudere
940 3267 1054 3353 contis,
1152 3277 1194 3328 clo

201 3366 325 3430 adsueti
347 3365 446 3450 longo
469 3387 579 3430 muros
603 3365 768 3430 defendere
794 3364 888 3429 bello,

201 3486 279 3528 saxa
303 3483 429 3546 quoque
452 3462 569 3528 infesto
592 3462 764 3527 volvebant
786 3461 939 3547 pondere,
962 3461 1054 3545 siqua

201 3563 336 3646 possent
359 3562 478 3622 tectam
502 3559 601 3623 aciem
625 3581 846 3644 perrumpere:
869 3580 949 3622 num
972 3561 1080 3622 tamen
1102 3551 1193 3620 omnis
