2612 3964
439 211 587 267 VERGILI
603 213 735 268 AENEIS
753 213 806 267 1111
1063 214 1126 278 173

113 396 269 458 spemque
292 375 380 438 dedit
400 375 517 440 dubiae
539 375 641 439 menti
664 376 824 460 solvitque
847 377 1010 459 pudorem
1092 391 1126 442 cc
1165 357 1167 367 ยน

113 471 274 555 principio
298 472 431 536 delubra
454 471 571 536 adeunt
592 493 765 556 pacemque
788 495 845 556 per
868 496 939 538 aras

112 569 304 655 exquirunt3
327 573 469 634 mactant
491 569 590 634 lectas
614 569 651 633 de
673 591 762 633 more
784 569 924 634 bidentis

112 666 265 751 legiferae
288 665 397 731 Cereri
418 666 612 750 Phoeboque
634 666 783 749 patrique
805 663 921 752 Lyaeo,

112 761 232 827 lunoni
256 768 330 828 ante
354 763 468 850 omnis,
491 763 542 828 cui
564 763 669 826 vincla
691 763 812 847 iugalia
835 785 936 827 curae.

112 859 184 942 ipsa
207 862 321 923 tenens
345 859 457 923 dextra
479 863 622 942 pateram
644 859 858 943 pulcherrima
880 857 965 924 Dido
1089 876 1123 926 60

112 956 279 1021 candentis
301 978 414 1020 vaccae
436 956 541 1020 media
562 956 647 1020 inter
670 977 790 1022 cornua
810 957 926 1041 fundit,

112 1058 170 1118 aut
193 1058 269 1118 ante
292 1075 349 1118 ora
371 1054 465 1117 deum
487 1054 617 1138 pinguis
641 1054 801 1137 spatiatur
824 1054 863 1118 ad
886 1075 957 1118 aras

111 1153 338 1234 instauratque
360 1151 444 1214 diem
466 1150 559 1215 donis
582 1152 801 1235 pecudumque
822 1150 954 1216 reclusis

111 1249 299 1333 pectoribus
321 1247 450 1311 inhians
474 1247 630 1331 spirantia
652 1249 792 1313 consulit
815 1252 896 1312 exta.

110 1347 174 1412 heu
197 1350 310 1410 vatum
332 1345 464 1430 ignarae
485 1347 623 1410 mentes!
659 1345 736 1428 quid
758 1348 834 1410 vota
856 1345 1025 1430 fruentem,
1088 1361 1121 1409 co

110 1444 190 1529 quid
213 1443 347 1506 delubra
369 1442 503 1506 iuvant?
527 1445 576 1506 est
597 1443 705 1506 mollis
728 1441 856 1506 flamma
878 1441 1032 1506 medullas

108 1542 245 1625 interea,
268 1544 301 1604 et
322 1539 458 1603 tacitum
480 1539 562 1604 vivit
586 1538 646 1603 sub
668 1544 797 1623 pectore
819 1539 942 1604 volnus.

109 1639 218 1703 uritur
241 1636 353 1700 infelix
376 1634 460 1700 Dido
483 1639 617 1720 totaque
639 1641 776 1721 vagatur

110 1736 192 1800 urbe
214 1735 325 1799 furens
349 1733 453 1817 qualis
477 1733 619 1797 coniecta
642 1755 734 1798 cerva
757 1733 885 1818 sagitta,

110 1856 210 1918 quam
232 1831 345 1916 procul
366 1831 529 1894 incautam
550 1851 681 1894 nemora
702 1831 788 1894 inter
812 1827 921 1894 Cresia
943 1829 1015 1894 fixit
1087 1845 1120 1895 โท0

109 1934 224 2015 pastor
248 1949 345 2013 agens
369 1927 443 1991 telis
466 1927 625 2010 liquitque
647 1927 779 1991 volatile
801 1927 921 1991 ferrum

107 2028 249 2111 nescius,
271 2026 328 2089 illa
349 2025 428 2109 fuga
451 2024 548 2088 silvas
571 2024 737 2108 saltusque
759 2028 908 2108 peragrat

109 2125 274 2207 Dictaeos,
295 2122 406 2185 haeret
427 2120 522 2184 lateri
543 2120 649 2184 letalis
671 2121 824 2186 harundo.

108 2243 198 2288 nunc
218 2219 324 2283 media
345 2215 477 2282 Aenean
499 2237 606 2282 seeum
628 2239 685 2301 per
707 2218 833 2281 moenia
855 2217 942 2282 ducit

110 2318 325 2400 Sidoniasque
349 2317 490 2379 ostentat
514 2335 589 2398 opes
612 2314 788 2398 urbemque
810 2317 962 2398 paratam.
1086 2332 1118 2382 11

108 2416 226 2500 incipit
249 2413 338 2477 effari
360 2411 527 2494 mediaque
548 2412 584 2475 in
605 2433 682 2476 voce
704 2411 839 2494 resistit,

104 2535 197 2580 nunc
220 2512 329 2576 eadem
349 2509 478 2574 labente
500 2509 550 2572 die
573 2508 719 2573 convivia
741 2509 876 2594 quaerit,

108 2612 292 2692 iliacosque
313 2608 432 2672 iterum
454 2606 582 2670 demens
605 2605 713 2670 audire
735 2605 861 2668 labores

108 2705 257 2792 exposcit
278 2704 458 2788 pendetque
480 2703 598 2766 iterum
620 2702 782 2766 narrantis
805 2702 845 2766 ab
870 2723 932 2766 ore.

108 2809 188 2889 post
210 2802 268 2866 ubi
290 2800 436 2885 digressi,
457 2799 629 2883 lumenque
652 2799 788 2863 obscura
809 2798 950 2864 vicissim
1084 2815 1118 2868 80

108 2905 190 2967 luna
211 2898 329 2984 premit
353 2897 549 2980 suadentque
572 2895 716 2960 cadentia
739 2897 842 2960 sidera
865 2917 1006 2984 somnos,

108 2999 183 3063 sola
204 2997 298 3060 domo
321 2997 443 3058 maeret
465 3015 564 3058 vacua
587 2994 760 3077 stratisque
782 2993 904 3056 relictis

108 3093 243 3160 incubat
266 3090 375 3179 (illum
397 3091 512 3155 absens
535 3091 700 3154 absentem
723 3089 874 3174 auditque
896 3088 1060 3178 videtque)

108 3197 170 3258 aut
192 3189 313 3276 gremio
337 3187 521 3272 Ascanium,
543 3187 700 3273 genitoris
722 3187 861 3271 imagine
884 3191 986 3273 capta,

108 3288 243 3372 detinet,
264 3285 431 3350 infandum
454 3285 482 3348 si
504 3285 614 3348 fallere
636 3283 740 3368 possit
764 3305 911 3350 amorem.
1083 3301 1117 3352 81

105 3407 180 3450 non
201 3387 329 3468 coeptae
353 3382 531 3466 adsurgvmt
553 3385 669 3467 turres,
688 3403 756 3445 non
778 3403 866 3446 arma
888 3382 1037 3447 iuventus

107 3483 238 3546 exercet
257 3483 412 3564 portusve
435 3482 491 3542 aut
513 3479 755 3562 propugnacula
778 3478 862 3542 bello
