2576 3970
449 261 599 320 VERGILI
617 265 750 320 AENEIS
769 266 807 320 VI
1064 265 1126 330 231

114 448 214 509 quam
239 430 298 490 tua
319 427 364 513 ni,
387 427 525 511 spoliata
548 427 654 512 armis,
677 449 808 491 excussa
830 428 997 512 magistro,

114 523 266 587 deficeret
289 524 391 588 tantis
412 525 504 588 navis
529 523 735 608 surgentibus
758 524 887 588 undis*

114 621 178 684 tris
202 623 302 684 notus
324 621 476 684 hibernas
499 621 653 684 immensa
675 642 732 703 per
755 643 893 704 aequora
915 625 1026 685 noetes
1076 637 1127 685 eoo

111 718 206 780 vexit
228 739 280 780 me
303 718 464 783 violentus
488 739 582 802 aqua3
606 717 660 781 vix
682 718 803 782 lumine
826 722 941 801 quarto

111 815 270 898 prospexi
293 814 421 879 Italiam
444 836 568 878 summa
592 813 738 887 sublimis
762 815 803 879 ab
825 815 918 878 unda.

110 912 276 994 paulatim
300 911 456 975 adnabam
479 916 596 976 terrae:
618 911 683 974 iam
705 914 777 974 tuta
799 910 957 995 tenebam,

111 1009 151 1072 ni
174 1029 254 1093 gens
278 1009 414 1072 er'udelis
437 1009 563 1072 madida
585 1029 657 1072 oum
680 1010 768 1070 veste
792 1010 960 1091 gravatum

111 1110 388 1190 prensantemque
410 1105 500 1170 uncis
518 1105 667 1168 manibus
686 1103 792 1186 capita
810 1125 922 1186 aspera
939 1101 1059 1166 montis
1074 1119 1126 1168 ³60

111 1204 204 1266 ferro
227 1202 399 1266 invasisset
421 1202 633 1285 praedamque
655 1202 768 1284 ignara
790 1203 944 1283 putasset.

438 1323 454 1358 a
610 1321 626 1357 *
781 1319 799 1357 a

110 1419 205 1460 nune
226 1417 277 1459 me
300 1394 417 1459 fluetus
439 1394 538 1458 habet
560 1398 752 1478 versantque
774 1395 809 1458 in
830 1395 926 1459 litore
948 1393 1043 1458 venti.

111 1493 206 1578 quod
229 1497 261 1556 te
284 1492 452 1586 perN-eaezli‘
461 1491 639 1570 jqeundum
660 1491 769 1554 lumen
791 1496 823 1554 et
847 1513 950 1577 auras,

111 1611 174 1674 per
199 1588 376 1674 genitorem
400 1610 466 1672 oro,
489 1610 546 1671 per
569 1609 641 1670 spes
665 1588 826 1672 surgentis
849 1587 923 1673 Iuli,

110 1688 205 1770 eripe
226 1699 278 1750 me
299 1685 361 1770 his,
382 1685 509 1770 invicte,
531 1685 639 1749 malis:
663 1687 718 1748 aut
741 1686 778 1747 tu
800 1683 881 1748 mihi
903 1688 1022 1748 terram
1072 1699 1125 1749 365

111 1784 200 1847 inice
223 1780 374 1869 (namque
396 1779 504 1868 potes)
526 1785 703 1864 portusque
725 1780 852 1864 require
874 1779 1017 1865 Velinos,

111 1883 176 1943 aut
197 1882 244 1962 tu,
267 1877 359 1960 siqua
381 1878 434 1940 via
456 1881 514 1961 est,
538 1877 663 1961 siquam
684 1877 747 1940 tibi
769 1876 842 1940 diva
864 1878 1000 1941 creatrix

111 1975 260 2040 ostendit
284 1973 401 2060 (neque
424 1974 519 2058 enim,
541 1975 642 2059 eredo,
666 1975 735 2038 sine
756 1975 886 2038 numine
909 1975 1016 2039 divom

110 2073 251 2136 flumina
273 2075 364 2135 tanta
387 2093 480 2154 paras
505 2068 713 2155 Stygiamque
735 2072 846 2134 innare
869 2069 1040 2158 paludem),

109 2172 156 2234 da
180 2170 324 2233 dextram
346 2167 463 2232 misero
487 2171 520 2231 et
541 2172 647 2232 teoum
669 2189 719 2230 me
742 2165 820 2230 tolle
843 2188 899 2250 per
922 2167 1032 2252 undas,
1072 2184 1124 2233 370

111 2266 247 2331 sedibus
270 2269 308 2329 ut
331 2265 445 2328 saltem
469 2264 601 2348 placidis
624 2265 659 2328 in
681 2267 784 2327 morte
808 2263 988 2346 quieseam'

110 2363 197 2428 talia
219 2362 305 2426 fatus
329 2365 407 2447 erat,
429 2361 535 2444 eoepit
558 2384 631 2425 eum
652 2361 730 2424 talia
753 2363 855 2424 vates:

111 2459 213 2524 ‘unde
235 2458 321 2544 haee,
345 2480 364 2522 o
385 2457 546 2543 Palinure,
568 2458 630 2520 tibi
652 2462 718 2520 tam
742 2457 810 2520 dira
833 2456 969 2540 cupido?

110 2563 152 2622 tu
178 2555 309 2642 Stygias
332 2556 518 2620 inhumatus
542 2575 640 2638 aquas
664 2576 851 2638 amnemque
875 2577 1018 2619 severum

110 2652 331 2718 Eumenidum
355 2651 490 2735 aspicies
513 2652 655 2734 ripamve
678 2652 821 2716 iniussus
845 2651 969 2716 adibis?
1072 2669 1124 2718 375

110 2751 225 2816 desine
248 2751 316 2814 fata
339 2750 432 2813 deum
455 2748 541 2813 fleeti
565 2769 690 2831 sperare
712 2748 878 2831 precando.

113 2847 174 2912 sed
197 2868 273 2930 oape
296 2845 381 2909 dieta
403 2867 534 2930 memor,
557 2845 629 2908 duri
653 2844 770 2908 solacia
793 2867 893 2909 easus.

111 2966 191 3008 nam
214 2948 272 3007 tua
294 2942 434 3026 finitimi,
455 2943 551 3026 longe
573 2942 700 3024 lateque
722 2963 778 3025 per
801 2942 898 3005 urbes

112 3040 273 3125 prodigiis
297 3040 360 3104 aeti
383 3039 583 3124 caelestibus
606 3060 679 3102 ossa
701 3039 837 3122 piabunt

112 3143 147 3202 et
172 3140 316 3201 statuent
339 3137 499 3200 tumulum
522 3139 555 3198 et
576 3136 701 3199 tumulo
726 3135 892 3199 sollemnia
914 3135 1125 3221 mittentem

113 3239 345 3316 aeternumque
367 3233 456 3298 loeus
478 3229 623 3296 Palinuri
645 3253 763 3296 nomen
784 3231 937 3296 habebit?

112 3331 167 3395 his
190 3329 284 3394 dietis
308 3350 402 3393 ourae
425 3331 548 3392 emotae
570 3329 746 3412 pulsusque
768 3351 939 3413 parumper

112 3427 209 3492 eorde
232 3426 324 3490 dolor
347 3425 449 3510 tristi,
472 3425 589 3510 gaudet
613 3427 801 3511 cognomine
823 3430 934 3490 terrae.

159 3524 248 3610 Ergo
271 3524 334 3588 iter
355 3523 518 3607 inceptum
535 3526 695 3608 peragunt
717 3523 879 3606 fluvioque
898 3523 1125 3606 propinquant.

195 3726 201 3742 ι
268 3665 324 3717 ’γ-

1162 427 1187 516 5
