2576 3970
431 271 580 326 VERGILI
599 271 731 326 AENEIS
750 271 776 325 V
1037 274 1105 337 215

90 436 177 499 ‘nate
201 435 268 519 dea,
293 455 356 516 quo
380 434 446 497 fata
469 435 603 498 trahunt
625 435 1064 519 retrahuntque'sequamur3

89 531 248 616 quidquid
262 531 333 615 erit,
348 531 526 612 superanda
541 532 644 595 omnis
659 532 789 596 fortuna
803 532 931 596 ferendo
947 536 1003 596 est.
1051 549 1101 596 110

89 633 140 692 est
163 628 226 692 tibi
249 626 432 691 Dardanius
455 627 581 692 divinae
605 629 716 711 stirpis
739 627 880 692 Acestes.

88 727 177 790 hunc
201 745 276 807 cape
300 723 444 787 consiliis
468 724 589 788 socium
613 729 645 789 et
669 726 826 810 coniunge
848 726 1018 812 volentem,

88 823 166 886 huic
189 821 279 884 trade
303 821 429 884 amissis
454 827 606 904 superant
631 823 686 905 qui
708 823 845 886 navibus
868 827 900 886 et
923 844 1004 906 quos

89 923 274 1002 pertaesum
296 917 406 1001 magni
428 917 548 1001 incepti
570 941 740 1003 rerumque
763 923 892 983 tuarum
915 924 977 1003 est3

90 1017 329 1099 longaevosque
353 1035 444 1078 senes
468 1036 504 1078 ac
526 1016 626 1079 fessas
651 1038 787 1099 aequore
811 1020 928 1080 matres
1051 1033 1101 1081 715

88 1116 123 1175 et
148 1109 305 1192 quidquid
327 1113 433 1173 tecum
455 1110 631 1176 invalidum
653 1117 862 1197 metuensque
886 1113 996 1196 pericli
1020 1117 1068 1178 cst

88 1208 206 1293 delige,
228 1211 261 1270 et
283 1207 335 1270 his
357 1207 498 1271 habeant
520 1209 616 1273 terris
640 1210 709 1274 sine
731 1211 858 1274 moenia
880 1209 969 1274 fessi:

89 1306 205 1369 urbem
229 1302 435 1386 appellabunt
458 1305 613 1386 permisso
637 1298 767 1372 nomine
789 1305 960 1372 Acestam’

136 1401 270 1464 Talibus
293 1400 441 1463 incensus
464 1401 558 1465 dictis
583 1404 717 1468 senioris
742 1404 836 1468 amici

87 1504 161 1562 tum
185 1519 260 1560 vero
284 1497 319 1560 iu
340 1518 431 1561 curas
456 1498 562 1562 animo
586 1499 747 1565 diducitur
770 1501 883 1566 omnis.
1050 1519 1100 1568 110

88 1601 123 1659 et
146 1592 179 1658 N
182 1615 223 1657 ox
247 1597 317 1656 atra
339 1595 450 1676 polum
473 1595 558 1678 bigis
583 1596 735 1661 subvecta
757 1599 896 1662 tenebat.
1002 1668 1005 1674 ,

90 1693 161 1757 visa
185 1691 297 1754 dehinc
320 1691 407 1754 caelo
430 1691 527 1754 facies
551 1692 679 1775 delapsa
701 1695 844 1776 parentis

90 1789 253 1854 Anchisae
277 1788 384 1852 subito
408 1789 484 1852 talis
509 1789 668 1853 effundere
691 1812 799 1855 voces:

89 1889 188 1970 ‘nate
210 1884 291 1947 mihi
313 1884 381 1948 vita
404 1885 573 1972 quondam,
596 1887 672 1950 dum
694 1888 761 1951 vita
784 1889 942 1972 manebat,

88 2005 163 2048 care
186 1981 300 2066 magis,
321 1985 406 2066 nate,
428 1979 535 2045 iliacis
559 1983 695 2047 exercite
718 1983 804 2069 fatis,
1051 2003 1100 2050 110

89 2079 227 2164 imperio
250 2077 337 2141 Iovis
359 2078 422 2141 huc
445 2079 548 2165 venio,
571 2080 626 2162 qui
650 2081 806 2144 classibus
829 2082 937 2166 ignem

88 2176 215 2262 depulit
238 2179 270 2238 et
293 2175 379 2239 caelo
402 2176 532 2240 tandem
553 2177 724 2243 miseratus
749 2178 789 2242 ab
814 2179 879 2242 alto
904 2183 960 2244 est.

12 2311 15 2318 ⁴
88 2273 235 2340 consiliis
259 2294 344 2356 pare,
367 2294 448 2355 quae
470 2294 555 2336 nuno
578 2273 792 2356 pulcherrima
815 2273 940 2339 Nautes

90 2375 147 2437 dat
171 2370 289 2434 senior:
313 2371 412 2433 lectos
435 2369 574 2454 iuvenes,
597 2371 774 2436 fortissima
797 2372 901 2457 corda,

89 2469 178 2533 defer
200 2467 236 2529 in
257 2465 392 2528 ltaliam.
438 2485 516 2549 gens
540 2467 619 2530 dura
642 2473 737 2552 atque
761 2491 872 2552 aspera
895 2469 984 2533 cultu
1050 2488 1101 2536 130

89 2565 278 2630 debellanda
300 2565 362 2628 tibi
386 2568 434 2627 est
457 2562 559 2627 Latio.
605 2563 692 2628 Ditis
715 2570 823 2630 tamen
846 2571 920 2630 ante

89 2664 233 2726 infernas
257 2662 366 2724 accede
389 2661 500 2724 domos
524 2665 556 2724 et
578 2659 706 2726 Averna
729 2685 787 2746 per
810 2663 875 2726 alta

89 2780 282 2844 congressus
305 2761 387 2844 pete,
409 2762 494 2841 nate,
516 2779 612 2820 meos.
658 2781 725 2823 non
747 2782 797 2823 me
819 2759 919 2842 impia
941 2782 1079 2845 namque

89 2857 227 2922 Tartara
248 2856 369 2920 habent
391 2856 501 2919 tristes
525 2854 667 2942 umbrae,
691 2856 745 2919 sed
768 2877 900 2918 amoena
924 2856 1051 2939 piorum
1128 2881 1131 2887 ¹

89 2953 227 3018 concilia
249 2951 460 3035 Elysiumque
484 2952 562 3015 colo.
607 2951 670 3017 huc
693 2956 780 3017 casta
803 2950 927 3036 Sibylla
1050 2972 1101 3019 735

88 3053 258 3136 nigrarum
280 3049 383 3112 multo
407 3048 563 3132 pecudum
586 3053 618 3113 tc
642 3048 796 3133 sanguine
820 3050 922 3112 ducet.

89 3153 161 3211 tam
187 3167 288 3230 genus
313 3167 405 3209 omne
427 3149 522 3208 tuum
544 3151 575 3208 et
599 3169 680 3230 quae
703 3146 818 3208 dentur
842 3147 967 3209 moenia
991 3148 1101 3212 disces.

89 3246 218 3328 iamque
241 3243 324 3326 vale3
347 3246 477 3326 torquet
500 3243 621 3307 medios
644 3242 719 3307 Nox
743 3243 850 3306 umida
874 3265 995 3329 cursus,

89 3348 122 3407 et
145 3363 196 3406 me
221 3363 332 3404 saevos
356 3341 447 3424 equis
471 3338 585 3404 Oriens
609 3340 739 3403 adflavit
763 3340 906 3403 anhelis!

90 3440 225 3523 dixerat,
249 3443 281 3501 et
303 3439 410 3502 tenuis
433 3437 518 3521 fugit
541 3458 598 3500 ceu
620 3437 728 3500 fumus
752 3437 787 3500 iu
810 3459 911 3500 auras.
1050 3456 1101 3504 140

90 3536 214 3601 Aeneas
240 3535 316 3619 ‘quo
340 3534 451 3598 deinde
475 3535 564 3598 ruis?
589 3556 652 3617 quo
676 3533 849 3617 proripisl'
873 3535 988 3619 inquit,
