2574 3964
358 266 504 322 vanarn
523 267 732 324 oroscrcou
749 270 774 322 11
1029 273 1073 336 53

74 429 124 493 illa
144 429 204 493 tibi
225 429 321 493 laetis
343 429 465 492 intexet
487 430 610 494 vitibus
633 431 753 517 ulmos,

75 527 124 590 illa
144 525 230 590 ferax
254 527 373 609 oleost‚
394 527 484 590 illam
506 529 668 610 experiere
690 530 822 594 colendo

74 628 102 686 et
122 623 245 688 facilem
266 623 374 706 pecori
398 627 429 686 et
452 624 629 706 patientem
651 627 788 690 vomeris
812 629 894 691 unci

74 719 162 784 talem
184 720 273 784 dives
296 724 367 782 arat
389 717 500 802 Capua
523 725 555 785 et
577 722 683 787 vicina
705 722 850 788 Vesaevo

74 839 124 880 ora
145 816 220 900 iugo
244 819 278 880 et
298 817 407 880 vacuis
432 815 563 882 Clanius
586 841 653 883 non
676 843 795 905 aequos
818 821 954 886 Acerris.
1020 837 1072 886 225

111 911 204 977 Nunc
226 935 290 996 quo
315 935 473 998 quamque
495 915 590 980 modo
613 919 719 999 possis
749 940 940 1004 cognoscere
962 918 1072 982 dicam

72 1034 139 1075 rara
161 1011 204 1074 sit
227 1033 270 1074 an
292 1032 390 1093 supra
411 1032 534 1075 morem
557 1013 585 1076 si
607 1007 705 1078 densa
726 1016 869 1098 requires

72 1106 182 1194 (altera
202 1108 374 1172 frumentis
398 1108 551 1191 quoniam
573 1110 674 1196 favet,
696 1113 797 1176 altera
819 1113 952 1197 baccho,

72 1207 164 1270 densa
185 1206 289 1289 magis
313 1203 434 1289 Cereri,
456 1206 621 1270 rarissima
645 1229 788 1290 quaeque
810 1207 946 1295 Lyaeo),

73 1307 142 1366 ante
162 1303 270 1366 locum
292 1302 397 1386 capies
421 1302 522 1366 oculis
544 1302 671 1385 alteque
693 1302 818 1366 iubebis
1022 1320 1072 1367 230

72 1401 104 1464 in
126 1401 226 1465 solido
249 1403 382 1484 puteum
405 1399 532 1463 demitti
555 1420 743 1482 omnemque
765 1422 899 1483 repones

20 1529 21 1532 ¹
73 1519 161 1606 rupus
182 1496 317 1560 humum
340 1497 530 1580 etpedibus
555 1517 695 1560 summas
719 1498 871 1581 aequabis
893 1497 1037 1563 harenas.

74 1594 248 1678 siderum,
270 1615 379 1657 rarum
400 1593 572 1677 pecorique
595 1598 628 1658 et
649 1594 770 1658 vitibus
794 1595 885 1658 almis

74 1692 174 1774 aptius
196 1691 278 1754 uber
300 1692 374 1775 erit3
397 1691 449 1754 sin
470 1691 506 1754 in
528 1713 586 1754 sua
607 1712 703 1774 posse
724 1692 888 1776 negabunt

74 1789 116 1852 iro
136 1788 207 1852 loca
229 1792 262 1852 et
285 1786 453 1851 scrobibus
476 1788 642 1870 superabit
665 1793 751 1852 terra
773 1790 919 1874 repletis,
1021 1804 1073 1853 235

75 1885 191 1968 spissus
214 1904 303 1968 ager:
327 1884 457 1968 glaebas
480 1885 661 1948 cunctantis
684 1907 854 1968 crassaque
875 1890 966 1970 terga

75 1986 199 2065 expecta
221 1985 253 2045 et
275 1982 390 2046 validis
413 1986 532 2046 terram
554 1981 721 2066 proscinde
743 1983 894 2046 iuvencis.

76 2079 152 2143 salsa
175 2083 283 2143 autem
305 2079 402 2142 tellus
426 2083 458 2142 et
481 2101 563 2164 quae
585 2079 773 2163 perhibetur
796 2103 918 2164 amara,

75 2176 215 2261 frugibus
238 2175 351 2240 infelix
375 2173 427 2263 (ea
447 2198 507 2240 nec
528 2176 722 2240 mansuescit
745 2177 880 2261 arando,

74 2293 126 2337 neo
146 2273 266 2338 baccho
290 2293 390 2357 genus
414 2277 470 2336 aut
492 2275 598 2358 pomis
622 2295 680 2337 sua
701 2275 833 2338 nomina
857 2271 987 2360 servat),
1022 2290 1074 2337 240

74 2371 132 2435 tale
154 2371 244 2435 dabit
267 2370 439 2453 specimen:
461 2374 500 2434 tu
523 2371 627 2454 spisso
650 2372 769 2434 vimine
791 2373 917 2456 quallos

74 2467 200 2551 colaque
221 2467 384 2550 prelorum
406 2467 542 2531 fumosis
565 2469 673 2552 deripe
695 2471 804 2554 tectis3

73 2562 130 2628 buc
151 2585 227 2650 ager
249 2563 305 2627 ille
326 2564 430 2628 malus
454 2565 625 2648 dulcesque
647 2589 666 2630 a
688 2567 833 2630 fontibus
856 2567 959 2630 undae

74 2660 260 2744 adplenum
282 2660 456 2724 calcentur:
479 2683 563 2744 aqua
585 2663 779 2728 eluctabitur
802 2665 906 2728 omnis

73 2758 187 2822 scilicet
211 2762 244 2822 et
266 2758 402 2842 grandes
425 2758 521 2821 ibunt
543 2773 607 2842 per'
623 2759 743 2823 vimina
766 2764 893 2845 guttae3
1024 2778 1075 2826 245

72 2859 101 2917 at
123 2877 219 2939 sapor
241 2855 395 2919 indicium
416 2855 512 2918 faciet
534 2857 739 2941 manifestus,
762 2861 795 2921 et
817 2879 874 2922 ora

71 2952 175 3016 tristia
196 2956 412 3036 temptantum
435 2975 531 3017 sensu
553 2953 721 3038 torquebit
744 2975 877 3018 amaror.

70 3048 197 3134 pinguis
219 3050 296 3114 item
321 3072 403 3134 quae
425 3049 469 3114 sit
491 3051 604 3136 tellus,
625 3052 687 3115 hoc
710 3050 847 3134 denique
869 3055 964 3134 pacto

71 3145 231 3212 discimus:
253 3147 333 3210 baut
355 3169 509 3230 umquam
530 3149 680 3212 manibus
703 3147 822 3211 iactata
844 3147 982 3231 fatiscit,

71 3245 120 3308 sed
143 3245 224 3328 picis
246 3245 283 3308 in
304 3267 426 3310 morem
449 3245 488 3308 ad
511 3245 631 3330 digitos
654 3245 803 3308 lentescit
825 3244 981 3308 habendo.
1025 3262 1076 3308 250

70 3342 174 3406 umida
194 3341 326 3406 maioris
348 3341 465 3406 herbas
488 3343 564 3427 alit,
585 3343 719 3426 ipsaque
742 3342 829 3406 iusto

70 3434 189 3504 laetior.
234 3463 254 3504 a
274 3439 409 3502 nimium
432 3461 473 3503 ne
497 3440 540 3503 sit
562 3439 645 3503 mihi
666 3439 783 3502 fertilis
806 3439 863 3502 illa

69 3552 123 3598 nec
146 3559 180 3602 se
202 3536 418 3620 praevalidam
440 3537 555 3618 primis
578 3537 726 3600 ostendat
749 3536 872 3600 aristis!
