2576 3970
208 184 273 246 242
526 183 674 238 VERGILI
692 184 824 240 AENEIS
843 185 882 240 VI

208 367 342 429 corpora
364 346 529 432 debentur,
551 343 684 410 Lethaei
708 347 747 410 ad
770 346 912 412 fluminis
935 348 1054 412 undam

125 435 185 569 Π
210 464 337 507 securos
360 443 471 508 latices
495 447 528 508 et
550 443 649 526 longa
673 443 794 508 oblivia
816 449 939 529 potant.
1160 460 1200 510 715

210 539 301 624 *[1111
325 541 472 624 equidem
493 561 670 604 memorare
693 540 755 605 tibi
778 544 875 624 atque
899 539 1066 605 ostendere
1095 539 1200 622 coram]

209 636 397 720 iampridem
419 639 502 702 hanc
524 637 648 722 prolem
672 637 765 722 cupio
791 659 975 702 enumerare
997 659 1148 722 meorum,

210 755 274 818 quo
297 733 399 820 magis
423 733 518 798 Italia
541 754 664 798 mecum
687 735 805 800 laetere
828 735 975 818 reperta?

211 829 241 894 ‘o
264 834 365 914 pater,
389 851 470 894 anne
493 829 618 914 aliquas
643 831 683 894 ud
705 833 827 896 caelum
845 832 921 898 hinc
938 833 986 898 ire
1008 831 1201 915 putandumst

210 927 358 992 sublimis
382 927 504 991 animas
528 926 709 1012 iterumque
733 929 773 992 ad
795 930 887 995 tarda
910 929 1028 994 reverti
1161 945 1201 992 710

211 1025 365 1108 corpora?
388 1046 469 1108 qnae
492 1024 572 1088 lucis
595 1026 721 1090 miseris
745 1030 809 1091 7111
834 1025 903 1090 dira
926 1025 1075 1110 cupido?

212 1121 325 1186 ‘dicam
348 1121 494 1206 equidem
516 1143 574 1185 nec
597 1127 630 1187 71
653 1145 854 1208 suspensum,
876 1126 961 1208 nate,
983 1121 1110 1187 tenebo'

211 1218 347 1303 suscipit
368 1217 536 1306 Anchises,
560 1222 656 1304 atque
680 1219 791 1285 ordine
814 1219 942 1304 singula
964 1220 1084 1303 pandit.

212 1315 380 1400 ‘principio
405 1317 527 1382 caelum
549 1338 586 1381 ao
607 1320 727 1384 terram
750 1339 943 1402 camposque
965 1317 1118 1400 liquentis

210 1416 432 1498 lucentemque
454 1414 596 1500 globum,
618 1415 729 1480 lunam
751 1414 942 1498 Titaniaque
965 1418 1054 1477 astra
1161 1429 1201 1478 771

213 1511 346 1596 spiritus
368 1511 457 1574 intus
481 1511 549 1596 alit,
571 1514 737 1597 totamque
760 1513 867 1576 infusa
889 1533 948 1594 per
970 1515 1060 1575 artus

212 1631 301 1674 mens
315 1607 429 1693 ’agitat
450 1607 569 1672 molem
592 1611 623 1672 et
646 1631 764 1694 magno
789 1631 823 1674 se
847 1629 979 1691 corpore
1002 1608 1121 1672 miscet.

212 1705 286 1770 inde
307 1701 474 1766 hominum
496 1703 715 1788 pecudumque
739 1725 840 1790 genus
864 1705 1013 1788 vitaeque
1035 1705 1190 1770 volantum

213 1805 245 1866 et
269 1821 349 1885 quae
371 1821 549 1864 marmoreo
572 1800 635 1864 fert
657 1806 802 1866 monstra
826 1802 885 1866 sub
910 1823 1048 1886 aequore
1070 1805 1185 1886 pontus.

184 1889 189 1970 1
213 1899 326 1984 igneus
350 1899 400 1962 est
423 1895 496 1960 ollis
520 1896 613 1982 vigor
636 1900 668 1962 et
691 1899 837 1962 caelestis
861 1898 953 1984 origo
1162 1915 1203 1964 710

182 2022 193 2089 q
214 1994 399 2079 seminibus,
422 1997 577 2077 quantum
601 2017 666 2059 non
690 2016 824 2078 corpora
845 1996 944 2060 noxia
966 1996 1095 2060 tardant

121 2139 122 2146 1
178 2164 184 2188 Ι
214 2090 395 2174 terrenique
416 2089 570 2154 hebetant
594 2093 683 2154 crtus
706 2093 962 2178 moribundaque
984 2093 1133 2159 membra

173 2251 177 2264 ,
213 2188 289 2253 hinc
297 2190 445 2252 metuunt
455 2186 660 2273 cupiuntque,
670 2187 779 2253 dolent
790 2191 1004 2276 gaudentque,
1012 2211 1116 2274 neque
1125 2210 1204 2254 auras

214 2285 387 2370 dispiciunt
409 2284 534 2348 clausae
557 2285 699 2349 tenebris
724 2289 756 2350 et
779 2309 902 2352 carcere
925 2308 1026 2352 cacco.

214 2384 293 2469 quin
316 2386 349 2446 et
372 2403 519 2466 supremo
543 2403 615 2446 cum
637 2381 757 2448 lumine
780 2383 847 2447 vita
869 2383 1015 2470 reliquit,
1164 2398 1205 2448 737

213 2484 409 2546 nontamen
432 2501 525 2543 omne
546 2479 667 2544 malum
689 2480 815 2545 miseris
838 2502 897 2545 nec
919 2480 1065 2545 funditus
1090 2501 1188 2546 ornnes

214 2599 384 2662 corporeae
407 2576 560 2640 excedunt
583 2580 700 2664 pestes,
722 2578 917 2661 penitusque
939 2598 1069 2642 necesse
1093 2581 1140 2641 117

213 2676 317 2740 multa
339 2674 393 2738 diu
416 2677 563 2739 concreta
585 2674 688 2738 modis
712 2674 887 2739 inolescere
909 2674 1009 2739 miris.

215 2793 290 2857 ergo
314 2775 500 2836 exercentur
522 2771 633 2854 poenis
657 2775 866 2855 veterumque
888 2769 1049 2834 malorum

215 2870 371 2954 supplicia
394 2868 584 2952 expendunt.
631 2869 711 2933 aliae
736 2869 921 2952 panduntur
944 2867 1056 2932 inanes
1166 2879 1207 2928 740

216 2987 388 3049 suspensae
411 2965 450 3028 ad
472 2967 595 3050 ventos,
619 2965 690 3028 aliis
714 2964 773 3028 sub
798 2963 926 3049 gurgite
948 2967 1043 3028 vasto

215 3064 368 3128 infectum
391 3061 510 3126 eluitur
533 3061 636 3125 scelus
661 3064 717 3124 aut
741 3061 885 3125 exuritur
908 3060 989 3145 igni:

216 3161 315 3225 donec
337 3160 435 3243 longa
458 3158 535 3243 dies,
557 3158 699 3241 perfecto
723 3157 878 3241 temporis
902 3157 989 3242 orbe,
1166 3165 1206 3215 747

216 3259 397 3322 concretam
420 3256 536 3320 exemit
558 3255 665 3319 labem
687 3276 870 3339 purumque
892 3253 1048 3338 relinquit

217 3353 395 3418 aetherium
419 3373 547 3416 sensum
570 3356 667 3436 atque
691 3352 781 3416 aurai
806 3351 960 3434 simplicis
984 3351 1098 3436 ignem.

218 3451 357 3536 quisque
382 3470 457 3512 suos
481 3449 622 3532 patimur
644 3449 762 3534 manis3
785 3449 898 3514 exinde
920 3469 978 3532 per
1001 3447 1139 3530 amplum
1167 3457 1206 3508 777
