2552 3958
370 895 647 979 ECLOGA
688 898 710 979 I

280 1157 487 1204 MELIBOEVS.
650 1160 805 1208 TITYRVS.

50 1298 90 1361 M.
115 1298 239 1382 Tityre,
261 1303 299 1361 tu
321 1299 450 1381 patulae
473 1299 627 1362 recubans
651 1300 711 1363 sub
734 1302 874 1386 tegmine
896 1302 963 1386 fagi

49 1396 217 1458 silvestrem
239 1393 330 1456 tenui
351 1415 477 1457 musam
498 1396 661 1460 meditaris
686 1421 797 1462 avena:

49 1513 98 1555 nos
120 1492 242 1575 patriae
265 1491 344 1554 fines
368 1495 400 1554 et
423 1491 527 1554 duloia
549 1492 725 1576 linquimus
749 1518 832 1560 arva.

48 1609 98 1651 nos
120 1588 258 1670 patriam
281 1587 435 1671 fugimus:
459 1592 510 1673 tu,
532 1588 656 1675 Tityre,
679 1593 785 1655 lentus
808 1593 843 1656 in
866 1595 978 1658 umbra

48 1685 235 1748 formonsam
258 1705 407 1746 resonare
430 1685 522 1749 doces
546 1686 744 1770 Amaryllida
768 1689 873 1754 silvae.
1029 1691 1047 1755 6

51 1783 78 1844 Τ.
104 1781 131 1844 Ο
153 1780 323 1864 Meliboee,
345 1780 422 1843 deus
445 1783 539 1846 nobis
562 1783 641 1846 haee
664 1786 731 1848 otia
753 1786 837 1850 lecit.

48 1899 174 1962 namque
196 1878 258 1941 erit
281 1877 336 1939 ille
358 1877 438 1940 mihi
461 1901 584 1962 semper
607 1881 701 1967 deus,
724 1884 811 1948 illius
835 1907 922 1948 aram

49 1998 133 2059 saepe
154 1979 244 2038 tener
266 1974 388 2037 nostris
413 1975 452 2038 ab
477 1977 616 2042 ovilibus
639 1980 762 2044 imbuet
786 2001 896 2065 agnus.

49 2073 94 2136 ille
116 2095 201 2135 meas
226 2093 332 2134 errare
355 2071 466 2156 boves,
489 2076 526 2136 ut
549 2076 666 2160 cernis,
690 2080 722 2140 et
744 2077 852 2160 ipsum

48 2169 146 2232 ludere
169 2190 250 2252 quae
274 2167 387 2231 vellem
410 2170 530 2234 calamo
553 2175 700 2255 permisit
723 2177 850 2259 agresti.
1014 2197 1045 2244 10

49 2266 90 2329 M.
116 2265 192 2330 Non
214 2264 360 2348 equidem
377 2265 517 2352 invideo,
539 2269 638 2333 miror
661 2272 779 2354 magis:
803 2273 943 2357 undique
966 2277 1044 2338 totis

49 2386 139 2446 usque
162 2363 240 2426 adeo
264 2362 414 2425 turbatur
437 2365 532 2447 agris.
579 2389 619 2429 en
641 2367 710 2450 ipse
733 2369 870 2451 capellas
997 2381 998 2388 ’

48 2465 191 2540 protenus
215 2478 309 2543 aeger
332 2479 405 2543 ago:
428 2459 510 2524 hano
533 2463 630 2527 etiam
652 2465 721 2549 vix,
744 2465 868 2551 Tityre,
891 2467 979 2530 duco.

49 2555 92 2619 hio
113 2556 332 2620 interdensas
356 2557 481 2638 corylos
504 2560 598 2623 modo
621 2583 761 2644 namque
784 2564 936 2646 gemellos

50 2675 128 2734 spem
149 2652 257 2736 gregis
264 2675 327 2740 ,ha-a,
350 2653 437 2716 silice
458 2654 494 2717 in
515 2656 600 2742 nacla
623 2659 737 2721 conixa
760 2660 899 2742 reliquit.
1015 2680 1045 2726 15
1118 2659 1120 2662 ’

50 2772 132 2833 saepe
153 2751 275 2813 malum
296 2749 357 2813 hoo
379 2751 487 2836 nobis,
510 2753 538 2814 si
560 2776 649 2818 mens
672 2776 739 2818 non
761 2756 851 2819 laeva
874 2757 1003 2844 fuisset,

50 2847 79 2910 de
99 2848 185 2910 caelo
209 2851 312 2910 tactas
336 2847 466 2910 memini
489 2851 668 2931 praedicere
691 2873 833 2934 quereus.

50 2945 94 3007 sed
115 2949 224 3008 tamen
246 2943 307 3007 iste
331 2944 407 3008 tleus
432 2945 488 3028 qui
512 2947 555 3009 sit
578 2949 630 3034 da,
653 2950 778 3034 Tityre,
800 2951 902 3016 nobis.

52 3042 78 3104 T.
102 3041 224 3106 Vrbem
247 3062 343 3124 quam
365 3041 474 3106 dieunt
497 3042 649 3131 Romam,
673 3046 842 3131 Meliboee,
865 3047 977 3130 putavi

51 3141 158 3204 stultus
173 3159 232 3224 ego
247 3137 321 3201 huie
334 3142 465 3202 nostrae
479 3140 624 3226 similem,
639 3164 701 3225 quo
718 3164 811 3226 saepe
826 3143 965 3206 solemus
1014 3162 1047 3210 20

51 3241 182 3316 pastores
202 3236 311 3300 ovium
333 3239 460 3299 teneros
484 3236 639 3319 depellere
661 3238 756 3302 fetus,

51 3332 87 3395 sio
107 3334 238 3397 canibus
262 3333 385 3395 catulos
410 3331 543 3417 similes,
567 3334 612 3397 sie
634 3336 791 3399 matribus
814 3335 934 3399 haedos

51 3448 162 3516 noram,
186 3431 232 3494 sie
254 3429 361 3512 parvis
386 3449 574 3510 componere
595 3449 711 3514 magna
735 3431 884 3494 solebam.

52 3544 149 3591 verum
170 3528 249 3591 haee
271 3529 399 3590 tantum
421 3526 500 3589 alias
524 3525 609 3591 inter
631 3530 727 3610 eaput
750 3528 867 3590 extulit
890 3528 998 3612 arbee,

101 3641 216 3693 Bressos,
231 3640 318 3690 Vergil.
875 3637 888 3681 1
