2552 3958
380 253 528 308 VERGILI
545 253 690 310 ECLOGA
706 255 733 308 X
1019 257 1061 320 27

71 418 117 476 aut
137 414 175 499 si,
195 436 262 479 nox
283 395 427 499 pluviam
448 437 489 479 ne
511 417 644 502 colligat
666 423 755 503 ante,
776 441 936 504 veremur,

71 514 218 576 cantantes
241 512 317 576 lieet
337 534 441 596 usque
464 511 585 600 (minus
606 515 661 580 via
681 514 796 603 laedit)
819 538 941 600 eamus3

70 612 218 673 cantantes
241 612 279 672 ut
302 631 426 694 eamus,
447 631 507 695 ego
529 609 591 675 hoo
612 615 646 676 te
667 614 752 678 fasee
774 615 897 679 levabo.
1027 631 1061 679 ou

65 704 109 770 'll
133 703 249 770 Desine
272 707 378 789 plura,
400 729 493 792 puer,
520 711 552 771 et
575 709 662 792 quod
682 731 768 774 nune
789 711 892 774 instat
915 731 1061 794 agamus:

70 802 193 866 earmina
214 806 287 866 tum
309 804 437 888 melius,
460 826 532 869 oum
555 807 678 870 venerit
700 807 784 892 ipse,
806 828 963 870 canemus.

451 1010 664 1018 —-·-———-

534 1178 574 1260 X

491 1352 637 1400 GALLVS.

31 1490 52 1535 a1
67 1473 243 1539 Extremum
264 1474 364 1560 hune,
386 1474 562 1562 Arethusa,
583 1475 664 1540 mihi
685 1475 821 1540 consede
841 1474 998 1540 laborum

66 1591 152 1650 pauca
171 1591 244 1633 meo
269 1567 378 1656 Gallo,
400 1571 456 1634 sed
478 1593 560 1654 quae
581 1573 669 1658 legat
691 1573 763 1656 ipsa
784 1571 933 1656 Lycoris,

67 1667 192 1730 earmina
215 1671 292 1731 sunt
314 1667 458 1732 dicenda:
479 1673 577 1754 neget
599 1671 673 1754 quis
695 1670 836 1734 earmina
858 1667 977 1733 Gallo?

29 1779 40 1826 l
68 1763 104 1826 sie
122 1763 195 1848 tibi,
218 1785 292 1828 oum
313 1763 431 1829 fluetus
454 1767 673 1849 supterlabere
695 1764 841 1848 Sieanos,

66 1858 149 1924 Doris
171 1883 280 1924 amara
302 1882 395 1924 suam
415 1883 484 1926 non
504 1863 723 1927 intermisceat
745 1863 876 1926 undam:
1044 1879 1061 1924 o

29 1973 40 2019 3
66 1955 168 2040 incipe3
191 1957 350 2021 sollicitos
373 1955 460 2022 Galli
482 1958 625 2024 dioemus
648 1980 786 2043 amores,

66 2053 129 2116 dum
149 2057 260 2118 tenera
283 2055 453 2118 attondent
475 2055 576 2119 simae
596 2056 739 2140 virgulta
761 2055 908 2139 capellae.

65 2171 121 2214 non
140 2150 284 2215 canimus
307 2152 427 2236 surdis,
448 2152 643 2235 respondent
666 2152 773 2216 omnia
795 2152 902 2216 sflvae.

30 2263 56 2318 Al
101 2245 182 2322 Quae
199 2269 334 2312 nemora
356 2253 413 2313 aut
435 2249 493 2332 qni
513 2271 573 2313 vos
595 2249 699 2312 saltus
720 2248 876 2332 habuere,
897 2247 1023 2332 puellae

64 2345 173 2430 naides,
195 2345 330 2430 indigno
354 2367 427 2410 eum
449 2343 563 2409 Gallus
585 2367 694 2410 amore
714 2344 864 2430 peribat?
1031 2359 1062 2408 ιο

31 2439 46 2501 1‘
64 2463 128 2506 nam
147 2464 252 2527 neque
273 2440 409 2506 Parnasi
430 2441 525 2506 vobis
546 2443 637 2528 iuga,
659 2464 734 2506 nam
755 2463 859 2526 neque
881 2439 975 2505 Pindi

65 2539 120 2603 ulla
139 2561 265 2604 moram
286 2539 403 2624 feoere,
423 2561 529 2622 neque
550 2539 675 2604 Aoniae
696 2539 874 2624 Aganippe.

30 2647 40 2694 2
64 2635 144 2701 illum
166 2637 266 2702 etiam
286 2637 385 2721 lauri,
407 2637 507 2700 etiam
528 2635 643 2700 flevere
663 2637 818 2720 myricae,

64 2733 167 2814 pinifer
188 2734 284 2798 illum
305 2734 405 2798 etiam
425 2733 496 2798 sola
519 2734 580 2797 sub
602 2755 683 2818 rupe
704 2734 861 2797 iaoentem

64 2826 216 2894 Maenalus
239 2834 273 2894 et
295 2830 395 2914 gelidi
415 2829 575 2894 fleverunt
596 2852 675 2894 saxa
696 2829 820 2912 Lycaei.
1031 2844 1062 2894 ro

66 2929 141 3004 stant
162 2931 194 2992 et
218 2948 294 2992 oves
317 2927 438 2992 eireum
460 2925 582 3012 (nostri
602 2949 661 2990 neo
682 2925 826 3012 paenitet
848 2924 938 2990 illas:

66 3025 91 3083 et
108 3023 288 3088 formonsus
312 3024 382 3089 ovis
405 3024 446 3086 ad
467 3023 602 3088 flumina
624 3023 714 3107 pavit
736 3019 876 3108 Adonis)
1032 3033 1063 3084 18

66 3120 140 3182 veuit
162 3124 193 3184 et
215 3121 333 3206 upilio,
354 3122 441 3185 tardi
462 3139 578 3184 venere
601 3120 743 3202 subulci,

66 3216 166 3282 uvidus
186 3218 323 3284 hiberna
345 3219 435 3282 venit
458 3218 496 3282 de
518 3218 635 3304 glande
657 3216 826 3281 Menalcas.
1030 3226 1063 3274 eo

32 3321 41 3370 ³
68 3332 162 3379 omnes
185 3316 279 3380 ‘unde
302 3337 394 3380 amor
415 3315 490 3379 iste'
513 3319 632 3399 rogant
656 3311 762 3376 ‘tibist'
785 3309 875 3374 veuit
896 3306 1029 3392 Apollo:

68 3529 112 3571 nee
131 3517 160 3574 te
182 3518 335 3592 paeniteat
358 3516 488 3593 peeoris,
511 3515 613 3573 divine
635 3515 725 3588 poeta
1033 3511 1062 3561 lt
