2530 3960
501 243 600 298 CIRIS.
995 241 1059 305 429

30 410 115 470 turn
142 427 270 489 quoque
283 399 360 468 ¹avis
384 409 538 469 metuere:
562 405 652 469 dabit
675 405 736 468 tibi
760 405 826 468 filia
849 425 977 486 poenas.

31 501 194 586 gaudete,
218 523 237 565 o
261 502 386 586 celeres,
410 501 560 566 subnisae
583 502 724 566 nubibus
748 502 833 586 altis,
1010 517 1059 565 195

32 620 129 681 quae
153 619 256 684 mare,
279 620 360 681 quae
383 599 499 662 virides
524 599 621 662 silvas
644 599 798 682 lucosque
821 601 970 661 sonantes

31 694 203 778 incolitis,
226 694 370 780 gaudete,
392 715 501 780 vagae,
523 695 661 779 laudate,
683 695 841 778 volucres3

31 814 171 876 vosque
195 792 283 877 adeo,
304 791 437 855 humani
459 796 603 856 mutatae
626 793 769 875 corporis
794 796 893 876 artus,

31 912 100 953 vos
131 911 150 952 ο
175 889 295 952 crudeli
317 889 459 952 fatorum
480 889 561 975 lege,
582 889 707 972 puellae

31 987 232 1073 Dauliades,
256 988 406 1072 gaudete:
428 988 517 1050 venit
540 985 704 1050 carissima
726 986 819 1050 vobis

32 1089 206 1168 cognatos
230 1105 350 1168 augens
373 1103 465 1167 reges
488 1104 719 1166 numerumque
743 1105 875 1148 suorum

33 1183 122 1246 ciris
148 1181 273 1264 etipse
296 1183 395 1263 pater.
419 1201 487 1264 vos,
510 1201 528 1244 ο
552 1178 768 1262 pulcherrima
791 1179 950 1263 quondam

33 1301 195 1363 corpora,
218 1278 379 1342 caeruleas
403 1277 595 1360 praevertite
618 1278 653 1342 in
676 1277 805 1341 aethera
827 1276 938 1361 nubea,

34 1399 109 1460 qua
134 1397 240 1438 novus
265 1373 305 1438 ad
328 1395 478 1456 superum
501 1373 590 1436 sedes
613 1373 787 1438 haliaeetos
812 1377 843 1436 et
867 1395 929 1456 qua

34 1472 185 1542 candida
207 1492 373 1534 concessos
398 1469 546 1534 ascendet
569 1469 643 1533 ciris
666 1470 813 1534 honores.

85 1615 227 1696 Iamque
251 1613 327 1676 adeo
351 1611 436 1675 dulci
460 1611 624 1674 devinctus
647 1612 770 1675 lumina
790 1632 902 1676 somno

34 1711 151 1776 Nisus
177 1713 254 1794 erat,
277 1709 474 1794 vigilumque
497 1709 611 1790 procul
633 1708 778 1771 custodia
801 1707 913 1790 primis

36 1808 201 1874 excubias
225 1806 350 1870 foribus
374 1805 480 1868 studio
503 1806 643 1869 iactabat
666 1803 767 1866 inani:

36 1929 122 1972 cum
144 1904 260 1968 furtim
282 1904 382 1966 tacito
406 1903 595 1966 descendens
621 1899 727 1982 Scylla
751 1898 849 1962 cubili

36 2001 184 2068 auribus
208 1999 339 2063 arrectis
363 2003 521 2063 nocturna
544 1997 673 2061 silentia
695 1999 833 2078 temptat

37 2107 73 2166 et
101 2097 227 2183 pressis
251 2100 380 2160 tenuem
403 2094 599 2179 singultibus
624 2099 697 2157 a'era
720 2096 792 2175 capt
813 2096 835 2155 t.

36 2204 119 2261 tum
145 2215 300 2276 suspensa
323 2192 432 2256 levans
455 2191 566 2274 digitis
590 2189 726 2274 vestigia
748 2188 862 2272 primis

37 2291 215 2378 egreditur
237 2289 385 2371 ferroque
408 2310 521 2351 manus
546 2291 668 2350 armata
691 2286 814 2349 bidenti

38 2389 173 2470 avolat3
197 2389 230 2448 at
253 2385 398 2468 demptae
422 2385 529 2447 subita
551 2385 583 2447 in
607 2384 778 2448 formidine
801 2383 901 2446 vires:

37 2483 211 2552 caeruleas
236 2504 293 2545 sua
316 2481 403 2544 furta
425 2481 514 2563 prius
538 2484 677 2544 testatur
700 2481 740 2544 ad
762 2480 901 2543 umbras

36 2605 125 2650 nam
150 2603 214 2663 qua
237 2602 270 2643 se
294 2579 334 2642 ad
355 2578 496 2660 patrium
519 2577 669 2640 tendebat
694 2577 807 2640 semita
829 2577 936 2660 limen,

38 2677 212 2746 vestibulo
235 2676 271 2738 in
292 2675 427 2738 thalami
449 2674 582 2758 paulum
604 2678 785 2737 remoratur
808 2677 839 2736 et
866 2673 929 2736 alte

39 2774 187 2859 suspicit
210 2773 249 2836 ad
272 2773 348 2836 celsi
370 2771 526 2834 nictantia
549 2771 653 2834 sidera
677 2771 797 2856 mundi,

38 2895 116 2941 non
140 2874 269 2952 accepta
291 2869 353 2950 piis
377 2869 569 2956 promittens
592 2887 725 2930 munera
748 2867 839 2931 divis.

91 3030 199 3106 Quam
222 3028 317 3091 simul
341 3025 459 3110 Ogygii
481 3025 649 3089 Phoenicis
673 3025 740 3088 filia
763 3023 876 3088 Carme

41 3148 183 3212 surgere
206 3125 306 3189 sensit
329 3146 408 3187 anus
432 3121 590 3207 (sonitum
613 3143 687 3186 nam
711 3123 828 3186 fecerat
851 3121 900 3184 illi

40 3244 230 3292 marmoreo
254 3225 380 3286 aeratus
405 3219 541 3283 stridens
565 3219 600 3281 in
622 3219 732 3282 limine
756 3215 880 3304 cardo),

42 3321 185 3404 corripit
208 3319 368 3402 extemplo
388 3318 506 3381 fessam
529 3316 685 3400 languore
708 3315 848 3398 puellam

42 3427 79 3486 et
105 3416 204 3483 simul
227 3416 258 3478 ‘0
281 3413 376 3478 nobis
400 3435 525 3477 sacrum
549 3413 655 3498 caput’
680 3413 786 3496 inquit
810 3411 959 3496 ‘alumna

41 3539 114 3584 non
138 3513 202 3578 tibi
224 3513 420 3596 nequiquam
442 3510 552 3573 viridis
576 3510 776 3592 perviscera
800 3509 904 3592 pallor
1010 3527 1060 3573 225
