2552 3958
202 247 224 308 2
536 236 685 293 VERGILI
702 235 844 291 ECLOGA
862 236 875 289 I

94 407 129 462 fs
153 422 159 497 y
200 408 449 490 quantumt
381 405 470 467 lenta
492 402 597 470 solent
619 399 670 463 int
656 403 706 462 ter
727 399 864 462 viburna
886 397 1036 482 cupressi.
1179 414 1214 461 25

148 500 155 548 l
201 502 312 568 Mt
281 506 312 566 et
336 524 417 585 quae
440 503 570 614 111111
497 499 616 562 tfuit
601 495 775 560 tRomam
797 495 859 559 tibi
883 518 978 560 causa
1000 493 1150 558 videndi?

204 601 238 663 Τ.
266 598 377 661 Libert
363 602 413 661 tas
419 619 531 682 ,quae
555 617 625 659 sera
647 599 757 657 tamen
779 593 919 676 respexit
942 593 1092 677 inertem,

202 695 365 760 candidior
388 697 462 778 post
465 697 596 777 quamt
582 691 730 756 tondenti
702 689 853 753 tbarba
877 689 1022 773 cadebat,

71 837 74 844 ι
201 793 342 876 respexit
363 796 525 856 tameuet
547 790 647 874 longo
670 791 745 870 post
769 790 914 868 tempore
936 742 1038 870 111111,

202 893 374 973 postquam
396 910 455 952 nos
479 886 653 970 Amaryllis
676 885 789 968 habet,
813 881 946 946 Galatea
968 883 1109 966 reliquit.
1182 901 1217 948 30

135 999 139 1007 ’
202 1007 355 1070 namque,
377 984 504 1047 fatebor
527 983 625 1067 enim,
648 981 726 1044 dum
748 1002 799 1043 me
823 977 956 1043 Galatea
978 980 1127 1065 tenebat,

202 1103 261 1146 nec
283 1103 354 1165 spes
378 1080 539 1144 libertatis
563 1082 631 1142 1111
652 1100 711 1142 nec
733 1100 810 1142 cura
833 1077 947 1160 peculi.

205 1179 349 1262 quamvis
372 1177 475 1241 multa
497 1175 576 1239 meis
600 1175 701 1238 exiret
723 1174 855 1238 victima
875 1174 1008 1260 saeptis,

204 1276 334 1361 pinguis
358 1279 390 1338 et
412 1274 559 1358 ingratae
580 1275 778 1355 premeretur
802 1292 912 1335 caseus
935 1272 1025 1356 urbi,

205 1395 272 1436 non
285 1393 437 1455 umquam
451 1371 559 1455 gravis
573 1391 645 1433 aere
659 1369 788 1432 domum
801 1367 882 1432 mihi
896 1369 1009 1432 dextra
1022 1369 1158 1434 redibat.
1184 1389 1220 1435 35

207 1469 255 1534 M.
283 1469 425 1533 Mirabar
449 1468 525 1552 quid
546 1470 669 1532 maesta
691 1466 781 1550 deos,
803 1463 976 1550 Amarylli,
998 1487 1143 1551 vocares3

207 1568 258 1631 cui
280 1567 415 1650 pendere
438 1588 496 1629 sua
517 1564 671 1648 patereris
694 1563 730 1626 in
752 1562 865 1626 arbore
888 1583 996 1646 poma:

154 1641 160 1718 1
208 1665 340 1748 Tityrus
362 1663 438 1726 hinc
461 1662 580 1725 aberat.
611 1660 699 1742 ipsae
722 1663 769 1744 te,
790 1658 914 1744 Tityre,
937 1659 1047 1746 pinus,

101 1737 122 1781 'i
147 1724 155 1849 1
207 1762 271 1845 ipsi
293 1765 326 1824 te
348 1761 469 1844 fontes,
490 1759 561 1841 ipsa
582 1757 661 1820 haec
683 1756 815 1820 arbusta
837 1757 1003 1820 vocabant.

144 1852 148 1876 ¹
211 1859 244 1921 Τ.
273 1856 356 1932 Quid
377 1856 534 1920 facerem?
556 1875 659 1936 neque
682 1853 813 1917 servitio
836 1874 887 1917 me
910 1854 995 1917 exire
1018 1855 1136 1919 licebat
1186 1875 1222 1923 40

207 1957 356 2018 nectam
378 1951 555 2036 praesentis
579 1950 658 2014 alibi
681 1970 870 2033 cognoscere
893 1951 991 2015 diros

208 2051 261 2114 hic
283 2050 376 2113 illurn
398 2049 464 2113 vidi
486 2049 645 2131 iuvenem,
667 2046 838 2134 Meliboee,
860 2049 1032 2131 quotannis

209 2149 261 2212 bis
285 2168 378 2210 senos
402 2145 453 2210 cui
475 2148 588 2209 nostra
610 2144 676 2207 dies
700 2144 815 2207 altaria
836 2145 970 2209 fumant.

208 2245 261 2308 hic
283 2244 364 2308 mihi
387 2263 577 2326 responsum
598 2241 720 2324 primus
744 2240 831 2304 dedit
854 2242 907 2305 ille
930 2243 1066 2324 petenti:

210 2341 342 2425 ‘pascite
364 2345 402 2403 ut
425 2343 499 2402 ante
522 2339 633 2423 boveS,
655 2337 760 2420 pueri:
784 2337 976 2402 summittite
998 2340 1132 2404 tauros?
1188 2359 1222 2405 45

210 2439 258 2504 M.
287 2437 464 2502 Fortunate
488 2436 598 2498 senex!
621 2455 697 2518 ergo
721 2439 778 2498 tua
800 2457 875 2498 rura
897 2434 1082 2499 manebunt.

168 2515 179 2589 l
211 2541 242 2600 et
264 2536 327 2600 tibi
349 2555 466 2618 magna
490 2532 583 2616 satis,
606 2531 751 2614 quamvis
774 2530 857 2613 lapis
881 2531 988 2594 omnia
1009 2531 1115 2595 nudus

209 2634 388 2715 limosoque
410 2631 503 2714 palus
528 2629 666 2693 obducat
688 2650 806 2712 pascua
829 2627 931 2692 iunco.

209 2752 276 2794 non
298 2729 424 2792 insueta
446 2727 554 2811 grauis
577 2725 783 2809 temptabunt
801 2725 920 2808 pabula
942 2725 1040 2811 fetas,
1098 2785 1101 2792 ,
1274 2805 1275 2808 ,

209 2849 268 2890 nec
290 2826 374 2889 mala
396 2823 492 2888 vicini
515 2823 639 2906 peeoris
662 2823 812 2906 contagia
834 2822 968 2888 laedent.
1190 2843 1226 2890 50
1274 2811 1275 2824 ¹

210 2923 373 2986 fortunate
397 2923 506 2984 senex!
529 2921 581 2983 hic
603 2920 688 2982 inter
710 2918 843 2982 flumina
865 2921 944 2982 nota

212 3024 244 3084 et
266 3020 337 3082 sont
338 3018 366 3082 is
391 3039 497 3081 sacros
520 3017 623 3101 frigus
647 3015 792 3124 captabis
816 3037 956 3098 opaeum.

210 3117 286 3182 hino
308 3115 383 3200 tibi,
407 3136 487 3197 quae
511 3135 648 3198 semper,
671 3112 775 3175 vicino
799 3112 839 3175 ab
863 3112 965 3175 limite
989 3135 1099 3196 saepes

179 3213 302 3314 ,IHyb
303 3213 367 3276 1111
375 3168 505 3293 yapibus
529 3210 641 3273 florem
663 3210 799 3318 depasta.
819 3209 923 3272 salicti

125 3323 141 3366 t
179 3285 192 3369 l
214 3332 306 3394 saepe
328 3309 391 3373 levi
415 3329 562 3371 somnum
585 3306 763 3369 suadebit'
754 3306 836 3368 mire
860 3327 999 3369 susurro.
1190 3325 1227 3372 15

182 3408 356 3472 hinet
311 3405 376 3468 alta
400 3404 460 3466 sub
484 3425 562 3486 rupe
586 3407 677 3466 canet
663 3402 828 3466 tii’ondat
815 3406 867 3465 tor
890 3403 929 3465 ad
953 3425 1060 3466 auras:

212 3525 271 3568 nec
293 3507 401 3568 tamen
422 3501 544 3564 interea
567 3522 678 3562 raucae
702 3502 759 3562 tua
783 3521 858 3562 cura
880 3499 1046 3583 palumbes
