2574 3964
375 251 523 309 vanam
540 251 750 308 GEORGICON
767 251 820 308 1111
1067 251 1110 315 81

93 417 173 496 post
195 413 254 478 ubi
276 413 342 478 iam
363 413 515 478 thalamis
539 435 573 477 se
595 435 816 500 composuere,
838 413 952 478 siletur

86 512 130 574 in
144 515 295 596 11001010,
314 511 483 594 fessosque
500 532 605 594 sopor
629 533 706 575 suus
730 515 865 594 occupat
888 515 986 575 artus.
1059 525 1112 575 100

92 629 153 672 nec
176 629 252 673 vero
276 631 295 672 a
318 607 455 672 stabulis
478 607 588 692 pluvia
609 607 801 690 inpendente
824 608 975 672 recedunt

13 737 18 752 ·
93 705 226 790 longius
250 709 307 769 aut
329 704 461 770 credunt
484 705 570 769 caelo
595 701 842 768 adventantibus
866 703 968 788 euris3

95 802 152 865 sed
175 802 295 866 circum
317 805 408 866 tutae
431 801 491 866 sub
514 800 685 866 moenibus
708 799 798 864 urbis
823 804 982 884 aquantur

95 920 313 982 excursusque
335 899 443 962 brevis
466 901 642 982 temptant,
666 900 698 960 01
722 918 816 980 saepe
839 896 982 982 lapillos,

96 998 132 1058 ut
155 995 290 1058 cumbae
312 994 480 1058 instabiles
504 994 605 1058 fluctu
628 994 768 1058 iactante
791 993 972 1078 saburram,
1059 1011 1109 1058 100

95 1092 232 1176 10110111,
254 1090 306 1156 his
330 1113 400 1156 0000
422 1113 488 1177 per·
501 1091 610 1156 inania
632 1090 745 1154 nubila
767 1089 897 1154 librant.

94 1189 189 1252 illum
213 1188 290 1256 adeo
313 1189 471 1272 placuisse
495 1187 610 1272 apibus
633 1187 790 1252 mirabere
813 1207 948 1272 morem,

95 1286 182 1370 quod
204 1307 309 1370 neque
332 1285 505 1350 concubitu
527 1285 697 1369 indulgent
718 1305 777 1349 nec
799 1305 933 1366 corpora
956 1303 1069 1368 segnes

94 1383 130 1446 in
153 1381 311 1446 Venerem
335 1382 465 1446 solvunt
489 1385 545 1445 ant
568 1381 654 1446 fetus
676 1381 807 1445 nixibus
831 1381 941 1464 edunt3

95 1502 208 1544 verum
229 1479 318 1562 ipsae
342 1501 359 1544 0
381 1479 469 1543 foliis
491 1481 601 1564 natos,
624 1499 641 1542 e
665 1479 818 1544 suavibus
840 1477 950 1542 herbis
1057 1493 1108 1543 100

95 1599 152 1642 010
172 1577 301 1662 legunt,
322 1576 412 1660 ipsae
435 1597 543 1661 regem
566 1596 747 1658 parvosque
770 1574 911 1650 Quirites

95 1674 263 1739 sufficiunt
286 1674 439 1758 aulasque
463 1677 495 1738 et
519 1693 609 1736 cerea
631 1692 730 1756 regna
752 1672 901 1756 refigunt.

94 1772 213 1855 *saepe
237 1770 335 1834 etiam
359 1769 448 1834 duris
472 1769 608 1834 errando
631 1769 667 1832 in
689 1768 815 1833 cotibus
839 1769 906 1833 alas

95 1868 262 1951 attrivere,
285 1867 436 1949 ultroque
461 1867 601 1930 animam
623 1866 683 1930 sub
706 1866 791 1930 fasce
815 1866 938 1930 dedere:

94 1968 208 2029 tantus
230 1984 321 2027 amor
343 1962 460 2026 florum
483 1966 515 2026 et
538 1963 711 2048 generandi
734 1963 837 2048 gloria
859 1961 993 2027 mellis*
1056 1979 1107 2028 100
1130 1933 1142 2064 l
1169 2008 1176 2018 ·

95 2083 173 2147 ergo
196 2061 283 2144 ipsas
308 2061 454 2144 quamvis
479 2060 610 2145 angusti
632 2060 789 2124 terminus
814 2060 883 2123 aevi

95 2157 235 2242 excipiat
257 2154 376 2242 (neque
399 2157 484 2220 enim
506 2157 580 2239 plus
605 2156 742 2240 septima
765 2156 892 2220 ducitur
915 2155 1049 2244 aestas),

4 2277 6 2282 ’
95 2260 130 2322 01
152 2276 255 2340 genus
277 2253 460 2318 immortale
482 2257 604 2338 manet,
626 2252 812 2336 multosque
835 2275 892 2335 per
915 2274 1014 2318 annos

96 2355 162 2418 stat
185 2351 316 2414 fortuna
339 2349 466 2436 domus,
489 2352 521 2413 et
546 2350 599 2415 avi
621 2353 831 2414 numerantur
854 2371 994 2416 avorum.

95 2452 261 2533 practerea
283 2467 391 2532 regem
412 2468 479 2510 non
503 2447 548 2511 010
570 2445 740 2531 Aegyptos
764 2451 796 2510 01
819 2447 933 2530 ingens
1056 2464 1108 2513 110

95 2545 198 2630 Lydia
220 2565 279 2608 nec
301 2543 413 2627 populi
435 2543 631 2608 Parthorum
657 2548 713 2608 aut
735 2543 848 2608 Medus
871 2543 1039 2628 Hydaspes

95 2643 278 2708 observant.
317 2645 397 2725 'rege
420 2640 575 2704 incolumi
596 2663 688 2706 mens
712 2641 860 2705 omnibus
883 2662 948 2705 una
971 2644 1033 2727 est3

95 2739 216 2803 amisso
240 2759 353 2821 rupere
376 2738 471 2802 fidem
495 2742 742 2821 constructaque
764 2738 860 2802 maha

94 2836 257 2918 diripuere
280 2833 368 2916 ipsae
391 2837 423 2897 et
446 2837 549 2898 010100
575 2836 697 2899 solvere
720 2835 874 2900 favorum.

93 2933 148 2996 ille
173 2951 308 3014 operum
330 2935 452 3016 custos,
474 2930 568 2996 illum
591 2931 791 2995 admirantur
813 2936 846 2996 01
869 2953 979 2996 omnes
1056 2949 1108 2998 110

93 3030 306 3093 circumstant
328 3027 459 3091 fremitu
482 3028 579 3092 denso
603 3029 788 3112 stipantque
810 3029 1008 3116 frequentes,

94 3130 126 3190 et
150 3145 247 3208 saepe
270 3124 425 3189 attollunt
447 3125 566 3188 umeris
591 3129 623 3188 01
646 3147 781 3209 corpora
803 3125 889 3190 bello

93 3223 260 3289 obiectant
283 3220 512 3305 pulchramque
536 3225 651 3305 petunt
674 3244 731 3305 per
753 3223 885 3287 volnera
907 3227 1051 3288 mortem.

136 3318 200 3383 His
225 3317 357 3402 quidam
380 3317 480 3402 signis
505 3322 602 3402 atque
624 3319 702 3382 haec
726 3319 870 3402 exempla
893 3320 993 3384 secuti

92 3438 163 3480 0000
188 3415 305 3500 apibus
329 3418 454 3499 partem
476 3415 601 3480 divinae
624 3417 741 3480 mentis
765 3421 797 3480 et
819 3416 956 3481 haustus
1056 3433 1108 3482 110

91 3513 254 3578 aetherios
278 3511 402 3595 dixere;
425 3511 519 3576 deum
541 3533 679 3596 namque
701 3513 748 3576 ire
772 3535 828 3596 per
852 3513 973 3597 omnia,
