2514 3966
298 1099 337 1172 P.
364 1099 560 1171 VERGILI
597 1098 811 1170 mausus

261 1274 300 1355 A
344 1274 382 1354 Ε
426 1273 470 1354 N
513 1273 550 1353 E
593 1272 618 1353 Ι
660 1273 701 1354 D
746 1272 784 1354 Ο
830 1273 859 1356 S

378 1463 736 1530 umnanncnura

66 1605 210 1672 Panditur
232 1609 354 1672 interea
375 1608 489 1671 domus
512 1607 742 1689 omnipotentis
763 1607 903 1690 Olympi.

68 1705 288 1788 conciliumque
309 1709 403 1768 vocat
425 1704 533 1767 divom
554 1714 648 1786 pater
669 1718 767 1786 atque
787 1703 956 1768 hominum
978 1726 1035 1767 rex

69 1800 210 1866 sideream
231 1803 268 1864 in
290 1801 406 1884 sedon,
428 1805 531 1865 terras
553 1800 638 1864 unde
659 1802 779 1864 arduus
797 1804 902 1864 omnis

68 1901 223 1982 castraque
244 1895 465 1960 Dardanidum
487 1901 630 1979 aspectat
652 1899 854 1981 populosque
873 1897 1016 1962 latinos.

69 1995 226 2058 considunt
248 1995 344 2058 tectis
367 1993 600 2078 bipatentibus,
620 1995 736 2078 incipit
757 1995 840 2078 ipse:
1044 2013 1062 2060 5

69 2091 234 2156 ‘eaefioolae
256 2091 377 2175 magni,
399 2091 551 2174 quianam
574 2092 734 2155 sententia
755 2092 849 2155 robis

69 2211 147 2253 versa
167 2194 256 2254 retro
278 2193 469 2272 tantumque
491 2187 607 2250 animis
629 2187 760 2250 certatis
781 2187 924 2270 iniquis?

69 2285 230 2351 abnueram
252 2285 338 2349 bello
360 2283 489 2348 Italiam
511 2305 697 2348 concurrere
719 2283 858 2347 Teucris.

69 2405 138 2465 quae
159 2387 273 2448 contra
294 2382 431 2445 vetitum
453 2381 633 2444 discordia?
656 2381 729 2462 quis
751 2384 857 2444 metus
879 2385 935 2444 aut
957 2381 1018 2444 hos

69 2484 115 2543 aut
135 2481 194 2544 hos
218 2502 307 2543 arma
330 2479 422 2563 sequi
445 2479 628 2561 ferrumque
650 2477 805 2540 lacessere
828 2477 951 2540 suasit?
1030 2497 1065 2542 lo

69 2576 202 2642 adveniet
223 2577 347 2640 iustum
368 2596 496 2660 pugnae
517 2571 573 2660 (ne
595 2572 760 2660 arcessite)
783 2579 921 2658 tempus,

69 2693 130 2738 cum
151 2675 219 2740 fera
240 2672 408 2757 Karthago
431 2671 586 2737 Romanis
609 2670 736 2736 arcibus
759 2671 837 2734 olim

69 2772 190 2836 exitium
212 2791 366 2854 magnum
388 2773 485 2852 atque
507 2767 607 2851 Alpes
629 2769 784 2832 immittet
805 2773 944 2851 apertas:

68 2869 128 2930 tum
149 2872 270 2932 certare
293 2865 385 2950 odiis,
407 2869 477 2928 tum
499 2887 551 2928 res
573 2866 719 2948 rapuisse
740 2864 861 2929 licebit.

68 2981 141 3028 nunc
163 2965 259 3029 sinite
282 2967 315 3026 et
336 2962 491 3046 placitum
513 2961 590 3024 laeti
613 2962 796 3044 componite
818 2960 950 3024 foedus’
1030 2983 1062 3029 lo

104 3060 245 3146 Iuppiter
267 3059 346 3123 haec
367 3059 491 3143 paucis;
514 3063 548 3122 at
569 3079 636 3122 non
657 3057 768 3121 Venus
791 3080 887 3122 aurea
909 3066 1021 3123 eontra

69 3177 157 3238 pauca
177 3159 288 3223 refert:

70 3251 95 3316 ‘o
114 3261 210 3342 pater,
232 3277 251 3320 o
274 3253 442 3319 hominum
464 3275 634 3336 rerumque
652 3255 781 3315 aeterna
803 3255 960 3335 potestas!

70 3346 207 3439 (namque
221 3351 309 3416 aliud
328 3351 405 3435 quid
423 3350 476 3434 sit,
494 3351 663 3433 quodiam
681 3349 853 3432 implorare
872 3349 1062 3436 queamusl)

70 3451 159 3516 cernis
182 3455 218 3514 ut
240 3449 399 3513 insultent
420 3446 535 3511 Rutuli
558 3446 748 3529 Turnusque
774 3445 909 3530 [feratur
1028 3466 1062 3512 ro

70 3565 117 3626 per
135 3548 254 3613 medios
278 3545 415 3630 insignis
439 3545 529 3628 equis
552 3541 770 3626 tumidusque]
790 3543 928 3607 secundo

797 3645 848 3698 21*
