2514 3966
370 289 518 344 vesani
536 289 667 345 nanus
685 289 723 344 xv
984 287 1046 371 351

54 452 184 516 conditur
204 453 240 516 in
262 452 412 516 tenebras
436 451 537 516 altum
560 451 696 535 caligine
719 451 851 516 caelum.

54 553 94 612 ter
113 549 227 612 circum
250 570 398 613 accensos
423 549 519 614 cincti
541 548 743 633 fulgentibus
766 549 863 612 armis
966 527 975 636 l

55 647 199 710 decurrere
221 666 329 732 rogos,
351 650 403 710 ter
424 649 584 710 maestum
607 645 729 710 funeris
751 646 859 730 ignem

54 741 212 805 lustravere
234 741 270 804 in
293 741 383 824 equis
407 741 614 826 ululatusque
637 765 692 807 ore
711 742 836 828 dedere,
919 825 921 832 y
998 757 1048 806 190

55 838 201 922 spargitur
224 842 256 902 et
279 838 377 902 tellus
400 838 551 923 lacrimis,
575 843 771 924 sparguntur
794 843 827 902 et
850 861 950 903 arma:

53 936 74 998 it
93 937 173 999 caelo
196 935 380 1018 clamorque
402 935 508 999 virum
530 935 724 1021 clangorque
748 936 909 1000 tubarum.
1066 962 1071 1007 ,ι

53 1032 96 1096 hic
116 1032 168 1096 alii
191 1032 296 1115 spolia
320 1031 432 1096 occisis
456 1032 586 1115 derepta
609 1030 734 1096 Latinis

54 1129 198 1193 coniciunt
220 1129 299 1214 igni,
322 1129 430 1213 galeas
454 1150 608 1212 ensesque
631 1129 761 1193 decoros

53 1226 188 1311 frenaque
211 1226 429 1310 ferventisque
451 1229 555 1309 rotas,
578 1247 653 1308 pars
676 1247 808 1290 munera
829 1230 918 1313 nota,
999 1241 1047 1292 195

54 1323 181 1406 ipsorum
205 1323 325 1406 clipeos
336 1322 694 1414 QfQQ

54 1420 140 1483 multa
162 1419 261 1484 boum
284 1420 368 1483 circa
390 1423 573 1484 mactantur
596 1443 730 1506 corpora
752 1420 861 1505 Morti,

55 1517 277 1601 saetigerosque
301 1539 374 1580 sues
397 1520 571 1601 raptasque
594 1540 632 1582 ex
657 1518 806 1582 omnibns
830 1519 915 1604 agris

55 1613 256 1678 inflammam
277 1615 426 1699 iugulant
449 1615 593 1697 pecudes.
640 1619 710 1678 tum
733 1615 828 1680 litore
850 1620 921 1681 toto

56 1711 178 1774 ardentis
203 1715 350 1794 spectant
374 1711 477 1775 socios
501 1716 706 1796 semustaque
730 1718 858 1777 servant
997 1731 1049 1779 200

56 1807 137 1872 busta
156 1829 260 1892 neque
284 1808 379 1872 avelli
401 1812 547 1893 possunt,
571 1830 636 1872 nox
659 1810 767 1874 umida
790 1811 890 1874 donec
1036 1877 1039 1898 ‚

56 1905 171 1969 invert't
193 1905 316 1969 caelum
339 1905 442 1968 stellis
466 1904 652 1969 ardentibus
677 1910 796 1989 aptum.
1033 1938 1038 2000 p

89 2000 150 2066 Nec
170 2002 278 2066 minus
301 2004 333 2065 et
355 2002 466 2066 miseri
488 2001 614 2066 diversa
636 2004 671 2066 in
692 2008 783 2086 parte
806 2003 914 2067 Latini

56 2100 221 2163 innumeras
246 2103 390 2162 struxere
413 2121 520 2184 pyras,
544 2104 576 2163 et
600 2123 734 2185 corpora
756 2103 874 2184 partim
903 2185 905 2190 ι

56 2198 141 2261 mulla
161 2197 268 2261 virum
290 2200 394 2260 terrae
417 2197 580 2261 infodiunt
599 2201 770 2281 avectaque
793 2199 912 2281 partim
999 2216 1049 2265 205

56 2295 193 2360 finitimos
214 2294 336 2358 tollunt
359 2294 394 2356 in
417 2314 511 2378 agros
536 2294 674 2377 urbique
697 2295 876 2380 remittunt,

57 2397 143 2456 cetera
164 2392 378 2475 confusaeque
399 2391 563 2476 ingentem
586 2391 689 2455 caedis
714 2413 861 2456 acervom

56 2511 101 2554 nec
119 2509 250 2554 numero
272 2509 331 2552 nec
352 2487 474 2552 honore
497 2492 651 2552 cremant:
674 2491 752 2552 tunc
774 2488 913 2572 undique
938 2489 1022 2553 vasti

56 2587 185 2650 cenatim
208 2583 327 2648 crebris
350 2583 518 2648 conlucent
541 2586 671 2670 ignibus
696 2586 776 2670 agri.

56 2683 136 2747 tertia
156 2683 214 2746 lux
237 2680 374 2765 gelidam
396 2681 482 2744 caelo
506 2681 683 2748 dimoverat
706 2683 868 2748 umbram:
998 2701 1051 2750 210

56 2783 215 2845 maerentes
238 2778 340 2843 altum
364 2777 501 2842 cinerem
524 2783 556 2843 et
579 2781 711 2844 confusa
733 2780 871 2844 ruebant

57 2898 116 2942 ossa
134 2877 215 2942 focis
238 2875 409 2959 tepidoque
432 2876 607 2941 onerabant
631 2898 746 2962 aggere
769 2882 880 2942 terrae.

57 2973 108 3038 iam
127 2977 200 3040 vero
223 2973 259 3037 in
280 2973 383 3057 tectis,
405 2973 592 3055 praedivitis
616 2975 695 3038 urbe
718 2973 837 3060 Latini,

57 3073 227 3156 praecipuus
249 3071 360 3155 fragor
383 3074 414 3134 et
437 3071 527 3154 longi
550 3093 624 3153 pars
648 3071 786 3134 maxima
808 3071 923 3136 luctus.

57 3166 98 3232 hic
116 3173 232 3234 matres
255 3167 453 3251 miseraeque
475 3190 585 3254 nuruS,
607 3169 659 3232 hic
682 3189 755 3232 cara
779 3189 926 3232 sororum
998 3185 1051 3233 215

57 3271 168 3346 pectora
188 3268 388 3330 maerentum
410 3265 567 3349 puerique
589 3265 778 3348 parentibus
804 3264 875 3328 orbi

58 3361 145 3428 dirum
169 3367 357 3428 execrantur
379 3363 500 3427 bellum
523 3361 687 3447 Turnique
708 3361 916 3444 hymenaeos:

59 3458 150 3541 ipsum
172 3461 269 3525 armis
291 3461 461 3543 ipsumque
484 3460 596 3523 iubent
620 3460 785 3523 decernere
808 3459 902 3543 ferro,
937 3473 938 3476 ’

60 3559 105 3638 qui
125 3581 256 3645 regnum
279 3557 392 3622 Italiae
416 3562 447 3622 et
470 3558 592 3641 primos
616 3556 679 3620 sibi
702 3559 813 3639 poscat
836 3555 980 3618 honores.
