2552 3958
198 235 240 299 10
518 231 667 287 VERGILI
685 231 829 288 ECLOGA
848 233 887 287 IV

196 396 245 462 M.
280 394 342 460 His
377 398 463 462 certe
493 417 596 479 neque
634 417 723 459 amor
759 416 855 458 eausa
883 399 953 462 est:
990 395 1045 458 vix
1078 395 1206 460 ossibus

989 489 1133 554 haerent.

194 590 302 654 neseio
326 589 398 673 quis
421 593 548 653 teneros
572 589 683 653 oculus
706 588 787 651 nuhi
809 587 946 651 fascinat
970 607 1081 672 agnos.

196 723 238 788 D.
270 720 343 807 Die,
380 721 497 805 quibus
529 721 563 784 in
594 721 689 786 terris
723 757 765 766 -
798 724 830 783 et
862 719 925 783 eris
958 720 1038 783 mihi
1070 743 1206 805 magnus

197 917 257 980 tris
279 918 388 998 pateat
411 913 499 978 Caeli
522 914 664 997 spatium
684 936 752 978 non
774 914 911 997 amplius
934 816 1113 977 ulniaisiOHO
1159 931 1206 978 106

198 1012 246 1078 M.
274 1011 348 1098 Die,
372 1011 489 1096 quibus
512 1011 548 1074 in
569 1011 664 1074 terris
687 1011 835 1094 inseripti
857 1011 988 1074 nomina
1011 1031 1126 1094 regum

196 1113 369 1176 nascantur
391 1107 499 1172 flores:
523 1111 554 1171 et
577 1105 725 1191 Phyllida
749 1109 836 1171 solus
859 1107 987 1171 habeto,

198 1269 237 1334 P.
264 1267 341 1332 Non
357 1272 506 1332 nostrum
527 1267 692 1330 intervos
715 1269 823 1330 tantas
846 1287 1035 1349 componere
1058 1267 1143 1331 lites.

106 1397 115 1438 i
154 1376 157 1387 '
197 1370 231 1430 et
252 1365 355 1430 vitula
377 1367 414 1428 tn
437 1365 553 1448 dignus
576 1367 608 1427 et
630 1363 690 1427 hie.
737 1367 769 1426 et
792 1363 939 1447 quisquis
963 1386 1088 1428 amores

149 1524 154 1546 ,
197 1463 263 1528 hau
284 1465 405 1525 temnet
428 1461 543 1547 duleis,
564 1459 644 1523 haut
668 1460 849 1542 experietur
872 1483 1006 1524 amaros.
1159 1465 1207 1528 110'

197 1559 334 1624 claudite
357 1559 421 1622 iam
443 1558 543 1642 rivos,
566 1558 668 1640 pueri:
693 1561 744 1620 sat
766 1560 859 1639 prata
883 1556 1043 1620 biberunt.

673 1911 737 1991 IV

199 2052 350 2119 Sicelides
372 2053 497 2138 Musae,
519 2053 615 2135 paulo
639 2051 761 2114 maiora
784 2053 950 2116 canamus!

197 2174 265 2216 non
287 2151 389 2215 omnis
414 2150 545 2213 arbusta
567 2149 680 2211 iuvant
701 2147 901 2232 humilesque
924 2151 1077 2232 myricae:
1095 2229 1097 2234 Ι

198 2249 228 2313 si
250 2246 391 2312 canimus
415 2245 526 2329 silvas,
550 2243 648 2306 silvae
671 2244 737 2308 sint
760 2247 889 2310 consule
912 2246 1034 2332 dignae.

143 2407 147 2433 l
242 2370 366 2436 Ultima
388 2368 519 2434 Cumaei
541 2368 629 2431 venit
652 2369 717 2432 iam
739 2370 888 2433 carminis
912 2375 1015 2456 aetas3
1266 2451 1267 2458 ἵ

147 2469 152 2539 “,
198 2488 334 2551 magnus
357 2467 397 2529 ab
420 2466 546 2548 integro
572 2465 748 2529 saeclorum
768 2467 912 2530 nascitur
936 2469 1021 2548 ordo.
1193 2489 1208 2535 5
1266 2475 1267 2482 ’

198 2591 264 2654 iam
285 2589 367 2652 redit
391 2593 422 2652 et
445 2588 551 2674 virgo,
574 2589 706 2651 redeunt
730 2586 882 2654 Saturnia
904 2612 1015 2677 regna3

198 2688 264 2751 iam
284 2708 368 2751 nova
390 2686 568 2778 progenies·
582 2685 667 2748 eaelo
692 2685 873 2750 demittitur
896 2688 970 2751 alte.

198 2814 237 2873 tu
258 2810 352 2872 modo
375 2809 519 2872 nascenti
541 2829 654 2893 puero,
677 2830 741 2891 quo
764 2810 866 2874 ferrea
889 2811 1028 2893 primum

198 2907 322 2970 desinet
346 2928 381 2969 ae
404 2909 474 2968 toto
499 2907 609 2988 surget
632 2925 710 2989 gens
734 2927 829 2968 aurea
851 2907 983 2992 mundo,

198 3007 287 3068 casta
309 3003 380 3066 fave
402 3001 535 3065 Lucina:
558 3005 635 3065 tuus
657 3003 722 3066 iam
744 3007 858 3087 regnat
880 3001 1007 3086 Apollo,
1177 3026 1209 3074 10

192 3180 306 3262 ¹'leque
329 3179 406 3242 adeo
430 3178 523 3242 decus
545 3177 608 3242 hoe
631 3179 714 3264 aevi,
736 3183 768 3242 te
791 3180 920 3244 consule
943 3181 1054 3268 inibit,

198 3275 305 3362 Polio,
328 3279 360 3339 et
383 3275 537 3358 incipient
559 3276 669 3360 magni
691 3276 859 3358 procedere
882 3299 1020 3364 menses3

198 3403 232 3463 te
255 3399 345 3484 duee,
369 3398 461 3483 siqua
483 3403 613 3463 manent
637 3399 763 3462 sceleris
786 3399 924 3484 vestigia
945 3403 1065 3488 nostri,

198 3495 298 3560 inrita
321 3501 475 3580 perpetua
499 3495 624 3558 solvent
646 3495 816 3558 formidine
839 3500 949 3560 terras.
