2514 3966
308 931 348 1005 P.
372 931 568 1004 VERGILI
596 932 807 1004 MARONIS

266 1106 302 1188 A
346 1105 382 1187 Ε
427 1105 470 1186 Ν
514 1106 550 1187 Ε
595 1105 618 1189 Ι
663 1105 703 1187 D
750 1105 785 1188 Ο
832 1105 860 1190 S

237 1353 240 1360 .
353 1295 485 1362 urana
507 1295 773 1364 uuuuoums.

100 1441 264 1506 Oceanum
285 1438 407 1504 interea
431 1460 566 1521 surgens
588 1437 715 1504 Aurora
737 1440 882 1524 reliquit:

58 1540 192 1622 Aeneas,
215 1557 408 1620 quamquam
430 1539 462 1600 et
485 1535 580 1600 sooiis
604 1535 678 1600 dare
700 1541 828 1621 tempus
850 1537 1019 1602 humandis

59 1635 270 1720 praecipitant
294 1655 387 1696 curae
410 1632 604 1715 turbataque
626 1633 737 1698 funere
760 1655 849 1698 mens
875 1638 934 1720 est,

60 1736 135 1796 vota
157 1731 251 1794 deum
273 1729 377 1813 primo
401 1729 504 1792 viotor
527 1728 673 1794 solvebat
695 1728 775 1794 Eoo.

61 1830 223 1914 ingentem
246 1847 397 1911 quereum
420 1825 533 1890 deoisis
556 1826 696 1910 undique
718 1828 816 1891 ramis
1049 1845 1064 1892 ὁ

62 1925 229 1990 constituit
251 1921 377 1988 tumulo
400 1921 621 2007 fulgentiaque
643 1923 749 1986 induit
772 1946 868 2011 arma,

62 2023 196 2086 Mezenti
219 2021 308 2085 ducis
329 2019 470 2105 exuvias,
492 2020 564 2106 tibi,
585 2041 710 2105 magne,
731 2025 908 2106 tropaeum,

64 2120 265 2203 bellipotens:
288 2120 379 2201 aptat
401 2117 542 2180 rorantis
565 2117 719 2202 sanguine
744 2119 857 2182 oristas

65 2215 186 2300 telaque
209 2219 323 2279 trunca
346 2213 407 2278 viri
430 2216 463 2277 et
485 2212 536 2277 bis
560 2235 615 2278 sex
638 2214 771 2280 thoraca
794 2215 934 2298 petitum

65 2312 303 2396 perfossumque
325 2309 405 2374 loeis
429 2310 629 2394 clipeumque
652 2333 691 2376 ex
713 2333 785 2376 aere
807 2311 956 2376 sinistrae
1033 2328 1066 2378 10

68 2409 203 2494 subligat
226 2413 323 2492 atque
345 2427 453 2472 ensem
476 2407 558 2472 eollo
582 2408 748 2490 suspendit
769 2408 932 2474 eburnum.

67 2511 134 2570 tum
155 2506 258 2570 socios
281 2502 433 2592 (namque
456 2505 559 2569 omnis
583 2526 655 2568 eum
678 2505 798 2588 stipata
820 2507 951 2590 tegebat

68 2602 158 2666 turba
180 2598 310 2688 dueum)
333 2601 380 2664 sie
402 2600 557 2684 incipiens
579 2601 730 2666 hortatur
753 2603 892 2667 ovantis:

71 2699 211 2764 ‘maxima
233 2720 285 2763 res
308 2697 428 2783 effoeta,
451 2697 525 2782 viri3
548 2699 646 2763 timor
665 2699 769 2764 omnis
788 2699 909 2786 abesto,

73 2797 148 2878 quod
171 2799 327 2880 superest:
350 2795 428 2859 haee
451 2798 526 2858 sunt
550 2795 653 2878 spolia
670 2799 703 2862 et
725 2797 763 2862 de
785 2818 860 2880 rege
884 2797 1066 2880 superbam

73 2893 232 2979 primitiae,
253 2892 465 2977 manibusque
487 2891 566 2956 meis
589 2891 766 2958 Mezentius
789 2893 842 2958 hie
865 2897 921 2958 est.

74 3009 148 3054 nuno
168 2990 229 3054 iter
252 2989 293 3054 ad
314 3009 422 3073 regem
443 2989 538 3053 nobis
561 3011 734 3073 murosque
756 2988 899 3056 Latinos.

78 3105 152 3149 amia
172 3089 282 3170 parate
305 3085 420 3150 animis
444 3090 476 3150 et
499 3107 555 3171 spe
577 3088 771 3171 praesumite
793 3087 923 3175 bellum,
1032 3144 1035 3149 .

77 3201 167 3266 nequa
187 3205 278 3248 more
300 3183 440 3268 ignaros,
462 3182 520 3248 ubi
542 3184 681 3268 primum
703 3185 818 3250 vellere
842 3185 935 3270 signa

79 3277 230 3348 adnuerint
253 3280 362 3364 superi
384 3279 565 3364 pubemque
588 3281 717 3346 educere
740 3283 864 3367 eastris,
1034 3300 1067 3348 20

79 3371 214 3459 inpediat
237 3377 385 3462 segnisve
407 3381 496 3442 metu
519 3379 678 3442 sententia
700 3378 813 3442 tardet.

80 3467 184 3538 interea
207 3474 312 3538 soeios
335 3471 565 3558 inhumataque
587 3495 721 3557 corpora
743 3478 846 3538 terrae
