2556 3966
375 273 523 330 VERGILI
541 273 675 328 AENEIS
695 275 744 328 XII
1000 271 1064 336 401

56 435 253 520 magnanimi
275 433 370 499 18818.
415 435 493 500 haec
516 456 574 519 pro
598 435 785 520 virginitate
807 434 956 518 reponit?

55 554 121 616 quo
143 533 246 595 vitam
268 531 354 594 dedit
378 532 560 596 aeternam?
585 553 641 595 cur
663 531 778 595 mortis
798 531 977 615 ademptast

55 627 222 693 condicio?
246 649 374 711 possem
397 631 506 692 tantos
530 627 622 692 finire
645 627 771 692 dolores
1014 643 1066 693 880

56 747 139 790 nunc
163 729 251 790 certo
274 728 307 789 et
330 724 447 788 misero
470 724 564 788 fratri
588 745 692 789 comes
716 725 762 788 ire
785 747 841 808 per
865 725 1007 790 umbras!

54 822 257 888 *inmortalis
276 821 358 906 ego?
382 825 438 884 888
461 821 632 905 quicquam
654 819 734 884 mihi
758 820 848 885 dulce
871 841 1014 884 meorum

56 923 85 982 88
109 919 189 1004 sine,
211 918 320 1003 frater,
343 917 426 982 erit?
454 939 473 982 o
497 939 578 1001 quae
601 917 680 982 88818
703 917 768 980 ima
791 916 933 980 dehiscat

56 1021 141 1080 terra
163 1015 246 1080 mihi
268 1016 435 1099 manisque
458 1016 550 1081 deam
572 1015 721 1079 demittat
744 1015 784 1078 ad
806 1014 938 1080 imosl'*

54 1119 184 1177 tantum
207 1112 302 1176 effata
326 1116 421 1195 caput
444 1111 558 1196 glauco
582 1111 724 1175 contexit
747 1111 866 1174 amictu
1014 1127 1064 1174 888
1103 1100 1121 1178 ι’

55 1212 157 1274 multa
182 1231 313 1294 gemens
337 1213 369 1272 et
392 1231 425 1273 se
447 1209 546 1272 fluvio
570 1207 628 1271 188
650 1207 792 1271 condidit
815 1207 889 1271 alto.
1020 1253 1023 1258 -
1103 1190 1110 1250 l

97 1307 226 1372 Aeneas
249 1307 351 1371 instat
373 1310 485 1371 contra
508 1305 671 1388 telumque
695 1308 840 1368 coruscat

54 1406 169 1490 ingens
194 1404 364 1467 arboreum
387 1407 419 1467 88
443 1423 537 1466 88888
561 1401 608 1465 818
630 1405 758 1483 pectore
781 1399 880 1464 fatur:

54 1495 1065 1586 1888888881818188888888188888111888,Τη888,8888888881

53 1619 252 1682 nonomen,
276 1597 378 1662 888818
402 1595 588 1660 certandum
610 1597 659 1658 est
683 1593 861 1657 comminus
885 1593 989 1656 armis.
1014 1611 1067 1659 880

55 1701 143 1760 verte
168 1695 273 1758 omnis
298 1697 364 1756 tete
386 1694 421 1756 in
443 1692 539 1756 i'acies
563 1695 595 1756 et
618 1689 770 1755 contrahe
795 1690 949 1774 quidquid

54 1795 121 1857 8188
145 1791 264 1856 animis
288 1791 355 1854 sive
378 1793 446 1853 arte
468 1788 570 1872 vales3
594 1791 671 1871 opta
694 1787 792 1851 ardua
814 1788 922 1870 pinnis

54 1895 143 1953 astra
169 1887 261 1970 sequi
283 1887 466 1950 clausumve
490 1905 566 1948 cava
588 1889 620 1948 te
643 1885 776 1948 condere
801 1889 907 1949 terra.
924 1937 930 1949 .
946 1886 964 1948 .'

56 1989 109 2052 ille
133 1987 232 2067 caput
256 2004 411 2067 quassans
435 1983 512 2044 ‘non
535 2003 585 2044 me
608 1986 665 2044 888
688 1981 808 2044 fervida
831 1985 953 2046 terrent
1105 1991 1124 2065 l]

54 2086 150 2168 dicta,
175 2083 280 2144 ferox:
304 2079 335 2142 di
358 2101 408 2143 me
432 2083 554 2142 terrent
577 2082 609 2141 et
632 2077 776 2161 Iuppiter
798 2077 924 2142 hostis?
1014 2097 1066 2145 885
1092 2056 1143 2176 sip

54 2203 112 2245 nec
135 2178 233 2264 plura
256 2175 370 2240 effatus
394 2197 506 2239 saxum
529 2175 744 2260 circumspicit
767 2175 889 2260 ingens,

54 2298 172 2342 saxum
195 2273 336 2338 anticum
358 2273 482 2358 ingena,
505 2293 616 2354 campo
641 2273 696 2355 qui
719 2273 803 2336 forte
825 2272 949 2337 iacebat

54 2376 149 2438 limes
175 2389 253 2454 agro
276 2368 413 2454 positus,
434 2369 526 2433 litem
549 2373 585 2432 ut
608 2368 800 2434 discerneret
823 2369 916 2434 arvis,

55 2473 109 2535 vix
132 2466 216 2532 illud
238 2465 313 2529 lecti
336 2465 387 2528 bis
411 2487 466 2529 sex
489 2466 609 2530 cervice
633 2467 787 2552 subirent,

53 2566 167 2650 qualia
189 2584 275 2626 nunc
297 2560 464 2626 hominum
486 2563 634 2645 producit
658 2585 792 2647 corpora
815 2564 924 2628 tellus:
1015 2581 1067 2630 800

54 2665 110 2726 ille
134 2681 233 2726 manu
257 2662 385 2743 raptum
408 2659 531 2741 trepida
554 2659 726 2742 torquebat
749 2661 784 2724 in
808 2658 935 2724 hostem

54 2759 156 2824 altior
178 2756 349 2839 insurgens
372 2760 404 2818 et
428 2777 522 2820 cursu
545 2758 688 2821 concitus
712 2757 814 2822 heros.

55 2857 112 2921 881
134 2874 240 2936 neque
264 2857 443 2916 currentem
467 2875 500 2916 88
522 2875 581 2918 nec
603 2855 768 2938 cognoscit
792 2859 920 2919 euntem

54 2955 267 3019 tollentemve
289 2971 386 3014 manu
411 2971 561 3014 saxumve
585 2951 722 3014 immane
745 2955 938 3036 moventem3

54 3071 163 3135 genua
186 3047 308 3131 labent,
330 3046 454 3130 gelidus
478 3049 637 3110 concrevit
661 3049 781 3133 frigore
804 3071 818 3112 8
839 3049 943 3133 nguis.
1017 3069 1068 3117 800
1107 3054 1120 3122 J

54 3153 127 3212 tum
151 3145 234 3229 lapis
258 3145 327 3226 ipse
349 3144 421 3229 viri,
443 3164 578 3207 vacuum
600 3166 656 3227 per
679 3147 774 3209 inane
796 3071 936 3231 818888,

54 3267 114 3309 nec
138 3241 281 3326 spatium
304 3242 406 3304 evasit
429 3245 536 3304 totum
558 3262 661 3324 neque
684 3242 817 3325 pertulit
841 3242 949 3306 ictum.

55 3365 92 3406 ac
115 3341 206 3405 velut
228 3339 263 3402 in
286 3338 417 3422 somnia,
441 3338 549 3402 oculos
572 3338 629 3401 ubi
651 3337 803 3421 languida
826 3339 944 3421 pressit

55 3443 150 3503 nocte
174 3436 275 3520 quies,
297 3435 492 3517 nequiquam
516 3435 625 3498 avidos
649 3435 816 3498 extendere
840 3455 951 3497 cursus

55 3537 138 3600 velle
160 3533 306 3598 videmur
330 3535 361 3594 et
384 3531 418 3593 in
440 3531 552 3594 mediis
576 3530 743 3594 conatibus
766 3531 853 3614 aegri
1016 3547 1067 3594 910
