2574 3964
229 226 272 287 48
524 223 672 278 VERGILI
690 221 900 278 GEORGICON
918 222 944 275 II

229 386 349 450 scilicet
374 386 521 450 omnibus
546 389 594 448 est
615 385 707 449 labor
730 385 971 468 impendendus,
994 387 1026 448 et
1049 403 1158 446 omnes
1269 383 1270 462 j

229 483 387 566 cogendae
409 483 444 545 in
467 483 589 545 sulcum
613 503 648 544 ac
671 482 773 545 multa
795 481 936 545 mercede
959 481 1140 545 domandae.

232 580 287 643 sed
309 579 431 642 truncis
456 580 543 643 oleae
565 579 695 662 melius,
718 579 895 662 propagine
916 579 999 642 vites

229 677 435 760 respondent,
459 676 560 739 solido
583 673 723 759 Paphiae
746 675 784 738 de
806 675 921 739 robore
943 680 1085 760 myrtus3

230 774 349 857 plantis
373 773 505 836 ecdurae
528 773 629 856 coryli
651 775 826 836 nascuntur
850 777 882 836 et
905 773 1018 857 ingens
1204 785 1237 833 05

229 871 373 934 fraxinus
396 869 633 953 Herculeaeque
657 869 751 932 arbos
775 868 926 933 umbrosa
949 891 1084 934 coronae

231 964 430 1051 Chaoniique
453 967 554 1050 patris
578 966 723 1051 glandes,
747 965 844 1029 etiam
863 966 962 1030 ardua
984 966 1090 1048 palma

230 1063 373 1126 nascitur
397 1067 428 1126 et
452 1084 543 1126 casus
568 1062 655 1126 abies
678 1063 787 1126 visura
809 1063 958 1127 marinos,

275 1159 432 1224 inseritur
454 1181 529 1224 uero
554 1163 586 1224 et
607 1159 699 1223 nucis
724 1159 861 1222 arbutus
883 1158 1014 1222 horrida
1036 1160 1118 1245 fetu,

232 1259 264 1319 et
287 1256 412 1320 steriles
435 1255 559 1340 platani
580 1256 682 1320 malos
706 1277 833 1340 gessere
856 1256 1016 1340 valentes,
1206 1276 1238 1322 70

231 1356 397 1416 castaneae
419 1353 525 1438 fagos3
549 1374 710 1436 ornusque
732 1353 875 1416 incanuit
899 1352 971 1416 albo

231 1449 311 1513 flore
332 1451 411 1536 piri,
434 1449 644 1534 glandemque
667 1471 740 1512 sues
762 1449 885 1534 fregere
909 1450 968 1514 sub
992 1450 1096 1524 ulmis.

230 1568 289 1610 nec
311 1547 424 1610 modus
447 1547 587 1610 inserere
610 1551 707 1630 atque
731 1547 840 1609 oculos
864 1547 1027 1630 imponere
1051 1548 1193 1631 simplex.
1269 1539 1270 1616 1

231 1665 307 1707 nam
330 1665 393 1726 qua
416 1667 449 1708 se
471 1644 575 1708 medio
599 1643 735 1706 trudunt
758 1643 796 1706 de
819 1643 935 1707 cortice
958 1665 1101 1728 gemmae

233 1743 265 1804 et
287 1741 393 1804 tenuis
416 1744 570 1824 rumpunt
592 1741 732 1826 tunicas,
755 1745 911 1824 angustus
934 1741 1063 1826 inipso
1207 1761 1240 1808 75
1269 1735 1270 1798 ἶ

232 1836 271 1900 fit
292 1836 376 1900 nodo
401 1837 503 1900 sinus:
525 1836 589 1900 huc
611 1836 714 1899 aliena
738 1857 775 1898 ex
799 1835 912 1901 arbore
934 1858 1064 1921 germen
1094 1879 1095 1884 κ
1141 1880 1144 1885 -
1231 1849 1235 1854 “
1269 1829 1270 1912 J

233 1932 400 1996 includunt
422 1935 548 2017 udoque
572 1933 685 1997 docent
706 1933 880 1996 inolescere
901 1933 994 1997 libro.
1269 1915 1270 1950 ³

233 2035 289 2094 aut
312 2053 441 2094 rursum
464 2031 579 2094 enodes
601 2031 708 2094 trunci
730 2034 927 2114 resecantur,
950 2034 982 2094 et
1006 2031 1070 2096 alte

166 2177 171 2184 .
232 2128 366 2192 finditur
388 2128 424 2191 in
446 2128 584 2192 solidum
606 2129 713 2192 cuneis
736 2127 802 2211 via,
825 2127 935 2191 deinde
957 2128 1076 2192 feraces

232 2225 361 2309 plantae
376 2225 608 2288 immittuntur:
623 2246 681 2288 nec
693 2225 825 2308 longum
840 2228 976 2310 tempus,
990 2228 1022 2288 et
1036 2225 1151 2310 ingens
1208 2243 1242 2290 80

233 2321 324 2386 exilit
348 2322 387 2384 ad
410 2321 532 2386 caelum
554 2322 651 2385 ramis
674 2321 820 2385 felicibus
845 2321 939 2385 arbos
1269 2331 1270 2340 ’

232 2421 432 2504 miraturque
454 2441 553 2484 novas
577 2419 705 2482 frondes
729 2423 760 2482 et
782 2440 849 2483 11011
871 2440 929 2482 sua
951 2439 1054 2501 poma.

206 2511 209 2529 '
276 2516 444 2580 Praeterea
467 2537 567 2602 genus
590 2514 669 2578 haut
692 2537 792 2578 unum
813 2536 872 2579 nec
894 2515 1034 2580 fortibus
1057 2515 1155 2582 ulmis
1269 2505 1270 2584 Ῐ

232 2637 291 2680 nec
314 2615 404 2678 salici
426 2615 559 2696 lotoque
580 2634 684 2695 neque
705 2611 808 2676 Idaeis
832 2613 1033 2696 cyparissis,·

232 2734 291 2777 nec
313 2713 448 2796 pingues
471 2732 569 2774 unam
591 2710 625 2773 in
647 2709 761 2772 faciem
782 2712 956 2772 nascuntur
979 2709 1096 2794 olivae,
1209 2727 1244 2774 85
1269 2791 1270 2794 Ἴ

235 2809 385 2874 orchades
409 2812 441 2872 et
464 2808 545 2871 radii
568 2811 600 2870 et
623 2829 730 2870 amara
752 2805 865 2889 pausia
888 2805 966 2869 baca

233 2926 391 2990 pomaque
414 2908 446 2968 et
468 2903 596 2968 Alcinoi
620 2904 731 2988 silvae,
752 2924 810 2967 nec
834 2903 979 2967 surculus
1001 2903 1087 2966 idem

234 3002 427 3068 Crustumiis
441 2999 618 3085 ¹Syriisque
639 3001 718 3084 piris
742 2999 957 3084 gravibusque
978 3000 1143 3066 volaemis.

233 3122 300 3164 non
322 3099 430 3162 eadem
453 3099 622 3162 arboribus
645 3098 760 3182 pendet
783 3096 942 3161 vindemia
963 3097 1101 3181 nostris,

235 3204 331 3279 quam
354 3194 579 3278 Methymnaeo
604 3195 707 3277 carpit
731 3195 769 3258 de
791 3195 923 3276 palmite
941 3192 1076 3278 Lesb0s3
1210 3212 1249 3260 00

235 3297 311 3358 sunt
334 3292 469 3354 Thasiae
491 3292 587 3376 vites,
611 3295 686 3354 sunt
709 3295 741 3354 et
763 3291 955 3356 Mareotides
980 3291 1084 3376 albae,

197 3399 200 3404 '
235 3389 411 3474 pinguibus
433 3388 493 3452 hae
516 3389 610 3452 terris
633 3388 771 3474 habilae,
793 3388 968 3451 levioribus
991 3387 1079 3472 illae,

235 3491 267 3551 et
291 3506 386 3570 passo
409 3483 530 3568 psithia
552 3485 663 3548 utilior
686 3485 855 3568 tenuisque
877 3485 985 3568 lageos
