2514 3966
382 264 533 320 VERGILI
550 265 683 321 AENEIS
702 267 726 321 X
989 269 1054 334 333

39 446 99 506 quo
123 424 217 489 licuit
240 426 365 509 parvo?
410 449 468 491 nec
491 427 588 511 longe
611 426 721 493 Cissea
744 429 859 494 durum

38 521 273 606 immanemque
299 521 402 608 Gyan,
426 525 601 588 sternentis
624 526 754 610 agmina
775 526 874 611 clava,

39 617 150 682 deiecit
173 619 269 684 Leto:
293 619 378 683 nihil
400 620 476 683 illos
498 619 648 684 Herculis
672 645 761 686 arma

38 737 92 778 nec
114 717 241 780 validae
264 716 374 780 iuvere
396 739 511 782 manus
534 717 725 802 genitorque
748 718 938 804 Melampus,
1001 735 1052 784 aaa

40 812 168 878 Alcidae
192 835 300 878 comes
323 835 427 898 usque
449 814 558 898 gravis
582 813 659 876 dum
681 817 768 878 terra
791 814 918 880 labores

39 910 194 992 praebuit.
242 932 313 975 ecee
335 909 452 996 Pharo,
475 933 570 975 voces
593 910 669 974 dum
692 911 790 975 iactat
813 911 937 998 inertis,

40 1009 227 1091 intorquens
251 1007 394 1072 iaculum
417 1008 571 1072 clamanti
594 1007 684 1072 sistit
705 1008 741 1071 in
764 1029 826 1072 ore.

40 1108 73 1166 tu
95 1126 236 1191 quoque,
258 1104 430 1169 flaventem
452 1105 558 1188 prima
580 1105 734 1190 lanugine
756 1105 857 1169 malas

41 1201 111 1264 dum
134 1203 282 1286 sequeris
306 1199 450 1285 Clytium
472 1201 595 1288 infelix,
616 1223 701 1266 nova
724 1202 850 1288 gaudia,
873 1199 1051 1287 Cydoneae

40 1297 199 1363 Dardania
223 1303 347 1363 stratus
371 1299 493 1378 dextra,
517 1321 647 1363 securus
670 1321 826 1385 amorum,

42 1396 92 1477 qui
114 1397 271 1460 iuvenum
293 1395 358 1460 tibi
381 1417 506 1480 semper
529 1399 629 1481 erant,
650 1397 831 1460 miserande
853 1397 987 1482 1333133,

41 1492 72 1554 ni
92 1493 233 1556 fratrum
256 1493 378 1576 stipata
401 1493 517 1556 cohors
540 1493 625 1556 foret
649 1493 753 1579 obvia,
775 1493 892 1558 Phorci

43 1590 218 1675 progenies,
241 1593 366 1672 septem
387 1611 536 1653 numero:
560 1593 755 1674 septenaque
777 1591 843 1654 tela

42 1687 210 1778 coniciunt,
232 1686 353 1769 partim
375 1686 467 1770 galea
489 1687 656 1770 clipeoque
678 1687 838 1750 resultant
998 1705 1051 1753 330

44 1783 143 1868 imita,
168 1783 300 1847 deflexit
322 1783 442 1867 partim
466 1783 660 1868 stringentia
683 1806 798 1867 corpus

44 1880 120 1944 alma
142 1879 263 1944 Venus.
301 1880 402 1942 fidum
424 1877 551 1943 Aeneas
574 1879 702 1944 adfatur
724 1879 882 1946 Achaten:

46 1976 187 2062 ‘suggere
209 1976 276 2040 tela
298 1975 391 2040 mihi:
414 1998 481 2040 11011
503 1977 603 2040 ullum
628 1978 758 2042 dextera
775 1979 896 2043 frustra

45 2074 180 2137 torserit
192 2073 229 2136 in
250 2071 402 2158 Rutulos,
425 2077 586 2138 steterunt
610 2095 691 2157 quae
713 2075 749 2137 in
766 2095 900 2157 corpore
918 2073 1051 2140 Graium

46 2167 143 2235 Iliacis
168 2170 311 2253 campis?
357 2174 428 2233 tum
450 2191 601 2255 magnam
623 2171 757 2254 corripit
781 2170 910 2234 hastam
999 2189 1049 2237 330

46 2271 73 2328 31
93 2267 181 2331 iacit:
205 2267 263 2330 illa
285 2266 399 2329 volans
422 2265 517 2349 clipei
540 2267 778 2332 transverberat
801 2289 875 2331 aera

47 2362 183 2428 Maeonis
207 2368 239 2428 et
262 2363 395 2427 thoraca
418 2363 516 2428 simul
538 2385 611 2428 cum
633 2369 761 2448 pectore
786 2365 916 2449 rumpit.

46 2459 112 2524 huic
134 2463 236 2526 frater
260 2460 350 2524 subit
372 2459 514 2524 Alcanor
532 2461 728 2544 fratremque
746 2465 892 2525 ruentem

49 2562 201 2622 1111311131
225 2558 350 2621 dextra:
373 2547 407 2620 at
429 2557 547 2621 reiecto
570 2557 670 2622 missa
692 2558 813 2622 lacerto

48 2657 186 2735 protinus
211 2655 306 2718 hasta
329 2655 415 2739 fugit
439 2659 609 2738 servatque
631 2659 762 2719 cruenta
784 2659 938 2740 tenorem,
999 2673 1050 2722 310

49 2751 232 2837 dexteraque
256 2773 295 2816 ex
317 2773 428 2816 umero
451 2752 559 2815 nervis
582 2752 773 2816 moribunda
795 2753 954 2837 pependit.

49 2852 109 2912 tum
129 2849 286 2914 Numitor
309 2849 413 2912 iaculo
437 2849 548 2913 fratris
573 2848 611 2912 de
633 2871 766 2932 corpore
789 2855 883 2932 rapto

50 2945 168 3011 Aenean
190 2947 301 3030 petiit3
326 2946 380 3010 sed
401 2968 469 3010 non
490 2948 523 3009 et
546 2946 645 3029 figere
668 2949 780 3010 contra

50 3043 244 3128 3111311111,
266 3042 440 3126 magnique
462 3043 566 3106 femur
590 3043 780 3125 perstrinxit
803 3041 953 3108 Achatae.

51 3136 93 3202 hic
113 3139 250 3205 Curibus
274 3139 375 3203 fidens
399 3141 561 3222 primaevo
585 3161 718 3222 corpore
742 3137 878 3204 Clausus
998 3159 1049 3207 310

51 3235 165 3302 advenit
188 3241 221 3301 et
243 3236 349 3321 rigida
370 3235 536 3320 Dryopem
559 3237 636 3302 ferit
659 3237 783 3300 eminus
805 3235 901 3301 hasla

52 3333 101 3396 sub
121 3337 265 3400 mentum
288 3333 430 3417 graviter
452 3355 564 3416 pressa
585 3333 771 3417 pariterque
792 3333 954 3416 loquentis

51 3450 146 3496 vocem
168 3431 371 3513 animamque
393 3430 478 3513 rapit
501 3429 636 3494 traiecto
660 3433 804 3512 gutture:
828 3431 938 3495 atille

52 3525 142 3594 fronte
164 3527 239 3594 ferit
263 3531 384 3592 terram
406 3531 439 3591 31
462 3549 605 3592 crassum
