2530 3960
494 226 683 282 MORETUM.
1025 226 1090 289 443

73 387 124 450 nil
147 387 197 450 illi
220 388 319 472 derat,
343 388 428 471 quod
452 389 601 471 pauperis
625 389 725 472 exigit
749 411 840 452 usus:

73 485 240 548 interdum
262 484 404 568 locuples
429 509 447 548 a
470 507 608 568 paupere
631 486 724 568 plura
748 485 886 568 petebat.
1057 502 1090 550 65

72 604 133 645 nec
159 585 306 664 sumptus
330 585 398 644 erat
421 582 501 644 illud
525 603 616 666 opus,
638 583 692 646 sed
715 583 822 646 recula
846 605 947 647 curae.

73 680 106 742 si
130 677 257 761 quando
282 699 417 742 vacuum
440 679 547 741 casula
569 679 735 760 pluviaeve
757 679 909 742 tenebant

71 777 200 838 festave
222 775 288 857 lux,
311 775 339 837 si
359 774 445 838 'forte
468 775 561 838 labor
583 776 729 839 cessabat
753 776 861 858 aratri,

71 873 166 936 horti
190 894 270 956 opus
293 871 373 934 illud
397 875 473 934 erat.
505 872 610 934 varias
635 872 801 955 disponere
825 872 951 954 plantas

70 973 172 1033 norat
196 973 228 1032 et
252 968 394 1032 occultae
417 969 616 1032 committere
640 969 761 1032 semina
784 973 887 1032 terrae
1056 987 1089 1034 ro

73 1067 264 1148 vicinosque
287 1069 360 1149 apte
384 1086 518 1129 curvans
543 1067 741 1130 summittere
764 1067 859 1130 rivos.

72 1165 130 1228 hic
155 1163 236 1247 olus,
257 1162 311 1226 hic
333 1162 398 1226 late
421 1163 589 1226 fundentes
613 1162 761 1227 bracchia
785 1162 876 1227 betae

72 1261 295 1343 fecundusque
317 1281 428 1322 rumex
451 1258 637 1342 maluaeque
660 1261 828 1344 inulaeque
851 1260 1008 1345 virebant,

72 1359 130 1422 hic
154 1358 236 1420 siser
258 1360 290 1419 et
312 1377 430 1419 nomen
453 1356 551 1439 capiti
574 1355 722 1420 debentia
745 1378 850 1441 porra,

72 1456 145 1540 [hio
168 1454 267 1517 etiam
289 1474 428 1517 nocuum
451 1453 548 1537 capiti
572 1454 774 1537 gelidumque
798 1453 950 1538 papaver]
1056 1471 1086 1518 11

70 1555 235 1638 grataque
257 1549 415 1612 nobilium
438 1549 563 1632 requies
586 1551 715 1614 lactuca
733 1551 886 1638 ciborum,

74 1697 351 1714 ......
398 1647 511 1709 crescit
535 1669 614 1730 quae
637 1641 673 1710 in
696 1649 841 1712 acumina
864 1649 955 1712 radix

72 1751 107 1810 et
132 1744 241 1831 gravis
264 1743 423 1806 inlatum
446 1742 578 1806 dimissa
601 1744 767 1807 cucurbita
789 1749 942 1808 ventrem.
983 1763 990 1773 ·

70 1865 189 1908 verum
211 1840 352 1904 hicnon
374 1839 494 1903 domini
518 1839 606 1926 (quis
630 1842 714 1904 enim
738 1842 933 1904 contractior
955 1841 1049 1927 illo?)

70 1941 133 2005 sed
156 1937 268 2022 populi
291 1940 465 2019 proventus
490 1942 568 2021 erat,
589 1938 747 2020 nonisque
771 1938 884 2001 diebus
1055 1957 1088 2003 80

70 2037 206 2101 venales
229 2055 339 2097 umero
362 2034 464 2097 fasces
488 2033 639 2117 portabat
662 2035 697 2098 in
719 2035 844 2098 urbem:

70 2135 151 2199 inde
175 2133 305 2195 domum
328 2131 448 2193 cervice
471 2130 560 2214 levia,
583 2131 690 2214 gravis
714 2153 785 2194 aere
808 2131 942 2216 redibat,

70 2234 132 2296 vix
155 2250 308 2312 umquam
330 2226 447 2290 urbani
470 2228 641 2290 comitatus
664 2249 766 2290 merce
790 2228 922 2290 macelli.

69 2350 176 2411 caepa
197 2327 316 2390 rubens
341 2324 482 2406 sectique
505 2324 622 2388 famem
645 2325 753 2388 domat
773 2347 844 2388 area
867 2325 956 2408 porri

69 2446 223 2510 quaeque
245 2422 380 2486 trahunt
403 2421 468 2484 acri
492 2421 600 2484 vultus
623 2421 783 2484 nasturtia
806 2441 916 2483 morsu
1055 2437 1088 2484 85

71 2523 246 2603 intibaque
268 2523 300 2583 et
323 2539 470 2581 venerem
493 2539 645 2582 revocans
669 2539 762 2580 eruca
785 2521 970 2580 morantem.

122 2616 213 2679 Tunc
227 2633 353 2698 quoque
371 2612 435 2674 tale
450 2613 572 2694 aliquid
585 2615 742 2678 meditans
761 2615 935 2677 intraverat
949 2613 1089 2678 hortum.

70 2737 113 2780 ac
136 2713 286 2797 primum,
307 2709 420 2773 leviter
443 2709 553 2792 digitis
577 2711 691 2774 tellure
714 2711 845 2793 refossa,

71 2814 233 2895 quattuor
256 2806 361 2870 educit
384 2828 456 2869 cum
480 2807 593 2888 spissis
618 2807 680 2871 alia
703 2805 808 2890 fibris3

72 2907 151 2972 inde
173 2926 279 2968 comas
304 2903 368 2986 apii
391 2904 520 2987 gracilis
544 2904 713 2986 rutamque
736 2904 895 2987 rigentem
1056 2921 1090 2969 90

73 3003 169 3069 vellit
192 3005 224 3064 11
247 3001 363 3084 exiguo
388 2999 555 3063 coriandra
578 3001 748 3064 trementia
771 3000 834 3062 filo.

72 3103 156 3165 haec
178 3098 234 3161 ubi
258 3097 398 3182 collegit,
420 3097 541 3160 laetum
565 3097 708 3161 consedit
732 3097 771 3159 ad
794 3097 902 3180 ignem

74 3202 109 3262 et
132 3196 217 3260 clara
240 3194 394 3258 famulam
417 3193 524 3276 poscit
544 3195 698 3257 mortaria
720 3215 805 3257 voce.

75 3293 207 3378 singula
231 3296 301 3355 tum
325 3291 467 3373 capitum
489 3290 611 3354 nodoso
636 3291 754 3353 cortice
778 3290 878 3353 nudat

75 3397 109 3457 et
133 3389 266 3454 summis
291 3388 410 3470 spoliat
434 3387 529 3449 coriis
554 3390 800 3468 contemptaque
824 3387 945 3468 passim
1058 3403 1091 3450 95

76 3487 203 3572 spargit
216 3486 308 3549 humi
324 3489 420 3568 atque
436 3483 542 3546 abicit.
568 3487 729 3546 servatum
748 3483 783 3546 in
801 3483 943 3566 germine
958 3483 1092 3546 bulbum
