2576 3970
432 244 579 300 VERGILI
597 245 729 300 AENEIS
747 245 785 299 Vl
1043 247 1110 310 225

98 407 288 492 ingreditur,
310 407 459 490 linquens
483 410 620 492 antrum,
643 429 814 490 caecosque
837 408 963 472 volutat

96 507 231 567 eventus
257 504 362 567 animo
388 525 501 568 secum.
548 504 599 568 cui
621 504 703 568 fidus
726 503 866 568 Achates

96 601 124 663 it
147 622 253 664 comes
277 604 309 664 et
333 601 465 683 paribus
488 601 573 664 curis
596 601 734 686 vestigia
756 601 836 686 figit.

96 697 199 761 multa
222 697 308 761 inter
332 719 400 761 sese
423 697 512 761 uario
537 718 681 762 sermone
705 697 862 784 serebant,
1057 717 1114 765 160·

97 815 193 877 quem
213 794 336 858 socium
355 793 532 857 exanimem
550 798 649 878 vates,
673 795 758 877 quod
776 817 891 878 corpus
910 795 1107 860 humandum

95 892 223 956 diceret.
271 895 368 974 atque
390 891 439 954 illi
462 889 622 954 Misenum
643 891 679 954 in
700 891 796 956 litore
819 893 912 977 sicco,

96 993 133 1052 ut
155 1010 281 1073 venere,
302 988 412 1051 vident
435 987 566 1072 indigna
588 993 692 1052 morte
714 993 923 1074 peremptum,

95 1085 259 1150 Misenum
281 1069 445 1170 Aeoliden,
469 1107 532 1168 quo
555 1108 622 1149 non
643 1087 858 1169 praestantior
882 1086 963 1150 alter

95 1205 168 1247 aere
191 1185 274 1247 ciere
296 1183 383 1246 viros
406 1182 607 1266 Martemque
630 1183 796 1246 accendere
819 1187 922 1247 cantu.
1056 1200 1105 1248 165

96 1279 247 1344 Hectoris
270 1279 323 1343 hio
344 1279 453 1364 magni
475 1281 580 1343 fuerat
603 1301 717 1366 comes,
739 1279 881 1343 Hectora
903 1278 1021 1342 circum

95 1381 129 1441 et
151 1378 236 1441 lituo
259 1397 385 1460 pugnas
408 1377 545 1461 insignis
570 1376 681 1440 obibat
704 1379 736 1439 et
759 1375 860 1439 hasta.

95 1478 271 1557 postquam
293 1472 386 1535 illum
408 1473 475 1536 vita
497 1473 601 1537 victor
624 1472 775 1556 spoliavit
795 1471 947 1558 Achilles,

95 1569 260 1634 Dardanio
284 1567 410 1632 Aeneae
434 1590 502 1632 sese
524 1569 720 1633 fortissimus
742 1568 838 1633 heros

95 1668 261 1732 addiderat
285 1665 415 1750 socium,
440 1687 506 1729 non
528 1666 838 1757 inferiqfflreubns
1055 1684 1105 1732 170

95 1765 153 1830 sed
175 1768 247 1828 tum
270 1764 354 1826 forte
377 1783 453 1826 cava
475 1763 551 1826 dum
572 1767 723 1846 personat
746 1785 885 1846 aequora
907 1763 1036 1848 concha,

93 1863 236 1946 demens,
259 1864 291 1923 et
314 1863 410 1922 cantu
433 1863 526 1922 vocat
548 1861 583 1923 in
606 1860 778 1924 certamina
800 1860 900 1945 divos,

93 1959 243 2024 aemulus
266 1959 433 2039 exceptum
455 1955 579 2041 Triton,
601 1957 629 2020 si
652 1959 776 2022 credere
799 1958 932 2042 dignum
955 1961 1014 2044 est,

93 2057 182 2120 inter
206 2076 283 2118 saxa
304 2053 410 2117 virum
433 2075 584 2136 spumosa
605 2053 805 2118 immerserat
827 2054 919 2120 unda.

92 2173 175 2238 ergo
199 2172 309 2216 omnes
332 2171 449 2234 magno
473 2151 591 2214 circum
614 2151 751 2214 clamore
773 2151 960 2236 fremebant,
1054 2168 1104 2218 175

95 2249 269 2334 praecipue
291 2247 364 2330 pius
387 2247 520 2312 Aeneas.
566 2252 636 2310 tum
658 2248 746 2311 iussa
769 2245 920 2334 Sibyllae,

93 2348 178 2410 baut
199 2366 300 2430 mora,
321 2343 476 2407 festinant
499 2343 611 2408 flentes
635 2365 785 2428 aramque
808 2345 975 2428 sepulchro

92 2463 270 2528 congerere
293 2440 460 2504 arboribus
485 2442 634 2524 caeloque
656 2441 786 2504 educere
809 2444 940 2505 certant.

92 2543 164 2605 itur
186 2540 222 2603 in
245 2537 409 2621 antiquam
433 2538 555 2624 silvam,
579 2538 706 2602 stabula
729 2539 794 2602 alta
816 2539 966 2624 ferarum,

94 2635 313 2722 procumbunt
335 2634 451 2720 piceae,
474 2638 567 2699 sonat
581 2636 654 2698 'icta
677 2634 841 2698 securibus
862 2635 927 2698 ilex
1055 2652 1106 2701 180

93 2734 322 2814 fraxineaeque
345 2731 452 2795 trabes
475 2732 583 2795 cuneis
607 2735 639 2795 et
661 2732 761 2796 fissile
784 2731 883 2795 robur

94 2831 264 2913 scinditur,
286 2827 457 2892 advolvont
479 2828 620 2912 ingentis
643 2829 808 2893 montibus
832 2850 936 2892 ornos.
1025 2877 1027 2883 Α

93 2948 244 2992 necnon
265 2922 389 2988 Aeneas
414 2945 509 3008 opera
531 2925 615 2988 inter
638 2925 716 2988 talia
739 2924 861 3006 primus

93 3023 247 3088 hortatur
271 3021 374 3086 socios
397 3022 592 3105 paribusque
615 3021 792 3105 accingitur
816 3021 921 3084 armis

93 3124 195 3203 atque
218 3117 295 3180 haec
317 3117 386 3198 ipse
410 3138 467 3180 suo
491 3117 579 3181 tristi
602 3139 674 3182 cum
696 3118 788 3182 corde
811 3118 948 3202 volutat,
1055 3135 1111 3184 185?

94 3219 264 3300 aspectans
289 3214 402 3278 silvam
425 3215 621 3301 immensam,
643 3219 676 3280 et
699 3215 745 3278 sic
768 3215 851 3278 forte
873 3218 1035 3298 precatur:

94 3313 136 3377 ‘si
159 3333 245 3376 nunc
269 3333 302 3376 se
324 3311 419 3376 nobis
442 3311 497 3374 ille
520 3333 634 3376 aureus
658 3311 771 3375 arbore
793 3334 901 3375 ramus

94 3410 245 3474 ostendat
268 3429 396 3473 nemore
418 3407 454 3470 in
476 3410 582 3473 tanto!
606 3407 732 3492 quando
757 3407 863 3472 omnia
884 3429 957 3472 vere

93 3507 158 3571 heu
180 3507 317 3571 nimium
340 3505 432 3570 dete
455 3508 554 3590 vates,
577 3505 708 3590 Miseno,
730 3503 838 3568 locuta
861 3505 931 3568 est’

146 3621 267 3669 annacx,
282 3619 369 3669 Vergil.
909 3612 942 3660 15
