2576 3970
430 252 578 309 vanarn
596 255 729 309 1111111
747 254 773 308 7
1039 254 1102 320 217

92 420 183 480 stans
197 417 312 500 procul
324 418 360 481 in
372 439 470 500 prora
482 421 627 500 pateram
640 420 737 501 tenet,
761 422 897 502 extaque
912 418 1015 484 salsos
1053 435 1103 484 771

89 513 210 596 proicit
232 511 268 578 in
290 513 407 586 flnctus
432 536 468 577 ao
491 513 565 577 vina
587 513 745 599 liquentia
767 515 881 579 fundit.

90 610 239 673 certatim
263 611 342 676 socii
364 611 485 675 feriunt
506 631 594 674 mare
616 613 649 674 et
673 631 812 694 aequora
833 615 979 676 verrunt:
1052 628 1102 678 778

89 707 298 791 prosequitur
322 728 456 792 surgens
480 730 499 771 a
520 707 622 790 puppi
644 711 760 771 ventus
783 708 897 774 euntis.
1051 727 1101 775 777

133 801 180 866 At
203 801 314 868 Venus
338 805 460 868 interea
482 800 672 886 Neptunum
695 805 834 869 exercita
857 806 941 870 curis

90 900 277 985 adloquitur
299 901 440 984 talisque
462 900 598 964 effundit
620 905 749 983 pectore
773 905 918 984 questus:
1049 919 1100 968 780

90 996 236 1062 ‘Iunonis
259 999 367 1082 gravis
390 998 439 1061 ira
460 1019 563 1080 neque
587 997 802 1060 exsaturabile
825 1003 936 1081 pectus

89 1098 211 1179 cogunt
233 1116 294 1177 me,
316 1093 477 1179 Neptune,
498 1115 607 1177 preces
631 1093 818 1158 descendere
840 1095 876 1158 in
899 1094 1012 1180 omnis,

89 1213 187 1275 quam
209 1213 268 1255 nec
291 1192 389 1276 longa
411 1191 478 1255 dies
501 1190 604 1274 pietas
627 1211 686 1254 nec
707 1191 838 1275 mitigat
861 1193 937 1277 ulla,

87 1309 146 1352 nec
169 1286 258 1352 10711
280 1288 415 1370 imperio
438 1287 579 1370 fatisque
602 1287 738 1352 infracta
761 1288 904 1371 quiescit.

87 1406 154 1448 non
176 1384 282 1449 media
304 1384 342 1448 de
365 1387 460 1468 gente
482 1382 648 1468 Phrygum
671 1385 813 1448 exedisse
835 1385 979 1450 nefandis
1049 1404 1098 1452 781

87 1482 203 1546 urbem
226 1481 308 1546 odiis
333 1481 411 1546 satis
434 1483 484 1545 est
506 1502 565 1544 nec
587 1502 723 1564 poenam
745 1486 836 1546 traxe
859 1504 1078 1565 peromnem:

87 1578 243 1662 reliquias
266 1576 391 1662 Troiae,
414 1577 534 1642 cineres
559 1581 655 1661 atque
679 1599 752 1642 ossa
775 1583 958 1663 peremptae

87 1676 279 1760 insequitur.
326 1696 437 1738 causas
460 1675 545 1738 tanti
568 1675 648 1738 sciat
671 1675 727 1738 illa
750 1676 877 1741 furoris.

86 1774 157 1857 ipse
179 1771 262 1836 mihi
283 1793 385 1855 nuper
408 1770 537 1855 Libycis
560 1775 598 1836 tu
620 1772 713 1836 testis
737 1772 772 1836 in
794 1774 898 1858 undis,

87 1892 186 1955 qnam
208 1869 327 1933 molem
350 1868 459 1932 subito
483 1869 626 1933 excierit:
649 1869 751 1933 maria
774 1870 881 1934 omnia
904 1871 991 1935 caelo
1047 1890 1098 1938 7οο

86 1966 219 2032 miscuit
241 1963 364 2030 Aeoliis
387 1965 582 2050 nequiquam
603 1964 686 2029 freta
708 1966 868 2052 procellis,

86 2066 122 2128 in
144 2063 254 2148 regnis
277 2062 339 2126 hoc
362 2083 440 2126 ausa
461 2063 536 2126 tuis.

86 2183 144 2244 per
168 2160 272 2225 scelus
295 2179 364 2223 ecoe
387 2158 485 2224 etiam
506 2157 654 2224 Troianis
677 2161 836 2224 matribus
860 2161 940 2224 actis

87 2257 213 2322 exussit
236 2257 326 2320 foede
349 2255 477 2339 puppis,
500 2259 531 2319 et
554 2255 654 2320 classe
677 2257 807 2341 subegit

86 2355 208 2419 amissa
231 2353 335 2418 socios
358 2353 489 2436 ignotae
511 2353 656 2435 linquere
678 2357 789 2418 terrae.
1047 2373 1097 2422 791

86 2452 176 2536 quod
199 2454 345 2532 superest
369 2471 425 2513 oro
447 2449 543 2514 liceat
566 2450 641 2514 dare
663 2454 735 2514 tuta
757 2472 814 2532 per
838 2452 938 2515 undas

85 2549 158 2614 vela
181 2547 253 2631 tibi,
275 2547 369 2612 liceat
391 2544 584 2610 Laurentem
608 2547 766 2630 attingere
789 2546 955 2635 Thybrim,

77 2648 115 2712 ‘si
138 2665 289 2710 concessa
312 2647 398 2728 peto,
421 2644 448 2706 si
471 2643 548 2706 dant
571 2664 608 2707 ea
630 2643 756 2706 moenia
779 2646 911 2726 parcae.⁹

85 2749 158 2808 tum
181 2740 352 2806 Saturnius
374 2739 452 2805 haec
475 2740 616 2804 domitor
638 2740 736 2804 maris
761 2740 860 2805 edidit
883 2742 954 2806 alti:

86 2840 147 2904 ‘fas
171 2859 265 2903 omne
288 2841 347 2922 est,
369 2835 537 2922 Cytherea,
559 2836 639 2900 meis
662 2841 695 2900 te
717 2837 814 2900 fidere
836 2839 954 2922 regnis,
1045 2856 1097 2904 800

85 2937 170 3001 unde
193 2957 294 3020 genus
319 2935 416 2999 ducis.
460 2933 563 2998 merui
587 2955 726 3017 quoque:
751 2955 844 3017 saepe
867 2935 991 2999 furores

86 3033 262 3116 compressi
285 3036 317 3096 et
340 3031 463 3096 rabiem
484 3033 609 3094 tantam
632 3030 773 3113 caelique
796 3031 967 3115 marisque.

84 3153 143 3195 nec
165 3130 272 3194 minor
295 3129 330 3192 in
352 3128 447 3192 terris
471 3125 650 3213 (Xanthum
675 3124 902 3211 Simoentaque
924 3127 1042 3215 testor)

85 3227 212 3292 Aeneae
234 3225 316 3289 mihi
339 3247 414 3289 cura
436 3225 493 3288 tui.
539 3245 612 3288 cum
635 3223 732 3288 Troia
753 3223 896 3288 Achilles

86 3323 267 3388 exanimata
290 3343 424 3405 sequens
447 3321 640 3405 impingeret
663 3321 791 3405 agmina
814 3323 924 3408 muris,
1044 3340 1095 3388 805

85 3420 174 3483 milia
197 3418 301 3481 multa
324 3417 414 3480 daret
437 3417 512 3504 leto,
534 3421 760 3502 gemerentque
783 3418 897 3501 repleti

85 3539 203 3602 amnes,
224 3536 284 3579 nec
306 3515 444 3598 reperire
467 3515 552 3579 viam
575 3519 672 3598 atque
695 3515 840 3579 evolvere
862 3520 972 3597 posset
