2552 3958
375 175 524 230 VERGILI
543 175 751 232 GEORGICON
769 177 782 228 I
1038 175 1080 239 33

89 339 283 425 spiramenta,
304 361 405 403 novas
428 339 535 402 veniat
559 360 622 422 qua
645 361 739 403 sucus
763 340 797 402 in
819 338 948 422 herbas;
1046 355 1080 403 90

89 461 137 502 seu
157 439 246 502 durat
268 438 386 528 magis,
410 442 441 501 et
463 457 561 502 venas
585 435 756 520 adstringit
779 435 914 520 hiantis,

88 560 122 600 ne
141 541 247 600 tenues
271 535 399 618 pluviae
422 534 563 618 rapidive
586 533 731 614 potentia
755 533 832 596 solis

89 635 178 698 acrior
200 638 255 698 aut
277 632 398 696 Boreae
420 629 616 714 penetrabile
638 629 742 714 frigus
766 629 886 694 adurat.

88 731 212 794 multum
235 729 327 812 adeo,
349 729 462 792 rastris
486 726 614 812 glaebas
639 726 695 809 qui
717 727 839 812 frangit
862 727 974 791 inertis

88 828 291 910 vimineasque
314 825 415 888 trahit
439 829 555 908 crates,
577 823 666 887 iuvat
690 847 779 908 arva,
800 847 903 908 neque
925 824 1018 887 illum
1047 841 1083 888 ab

89 926 159 989 flava
180 923 274 989 Ceres
298 924 364 987 alto
387 923 581 1006 nequiquam
604 924 726 1003 spectat
750 919 903 1006 Olympo;

89 1028 115 1086 et
135 1021 199 1107 qui,
221 1021 382 1104 proscisso
407 1041 487 1103 quae
510 1019 644 1083 suscitat
667 1039 803 1102 aequore
826 1022 931 1103 terga,

89 1141 186 1183 rursus
208 1119 244 1182 in
266 1117 434 1200 obliquum
455 1138 548 1180 verso
570 1116 749 1198 perrumpit
772 1119 893 1201 aratro,

89 1219 260 1299 exercetque
283 1215 433 1297 frequens
455 1213 604 1276 tellurem
626 1216 721 1296 atque
744 1213 880 1295 imperat
903 1213 995 1278 arvis.

89 1313 219 1397 *lemida
243 1311 384 1375 solstitia
407 1314 503 1394 atque
525 1309 646 1374 hiemes
670 1312 759 1373 orate
783 1331 923 1394 serenas,
1030 1327 1080 1374 100

90 1411 244 1494 agricolae:
267 1408 403 1472 hiberno
425 1407 603 1470 laetissima
625 1406 755 1490 pulvere
778 1407 877 1491 farra,

89 1507 178 1571 lactus
201 1527 290 1591 ager3
312 1506 402 1569 nullo
425 1508 553 1568 tantum
576 1525 610 1568 se
632 1502 738 1586 Mysia
760 1504 849 1567 cultu

89 1604 173 1666 iactat
196 1607 228 1666 et
251 1602 322 1684 ipsa
345 1622 419 1664 suas
441 1600 598 1665 mirentur
620 1597 763 1685 Gargara
785 1601 927 1685 messes]

89 1700 154 1783 quid
175 1699 291 1783 dicam,
313 1699 397 1762 iacto
422 1697 478 1780 qui
500 1698 618 1761 semine
642 1697 818 1760 comminus
838 1721 913 1762 arva

89 1795 255 1880 insequitur
278 1796 486 1878 cumulosque
504 1795 570 1858 ruit
588 1795 670 1858 male
686 1794 816 1879 pinguis
834 1794 984 1880 harenae,
1031 1812 1081 1860 105

90 1893 186 1956 deinde
209 1892 289 1957 satis
312 1891 446 1956 fluvium
468 1891 591 1955 inducit
612 1891 763 1973 rivosque
786 1891 948 1974 sequentis

88 1993 126 2073 et,
146 2011 216 2052 cum
239 1991 371 2051 exustus
396 2007 471 2071 ager
492 1987 704 2051 morientibus
728 1991 854 2052 aestuat
875 1987 997 2073 herbis,

89 2109 147 2150 ecce
169 2084 338 2168 supercilio
361 2083 473 2146 clivosi
495 2083 635 2147 tramitis
658 2085 775 2148 undam

89 2181 182 2246 elicit?
205 2181 263 2244 illa
285 2181 399 2244 cadens
422 2201 553 2243 raucum
574 2203 631 2264 per
653 2182 736 2245 levia
758 2205 902 2246 murmur

90 2299 154 2340 saxa
175 2277 251 2362 ciet,
275 2275 493 2359 scatebrisque
516 2277 638 2342 arentia
660 2283 816 2362 temperat
840 2301 923 2342 arva.
1031 2299 1081 2347 111

90 2374 154 2458 quid
177 2373 246 2458 qui,
268 2394 309 2436 ne
332 2373 472 2456 gravidis
494 2375 684 2456 procumbat
707 2376 830 2439 culmus
854 2375 962 2439 aristis

90 2471 233 2534 luxuriem
257 2473 401 2554 segetum
424 2474 534 2534 tenera
556 2471 696 2555 depascit
718 2493 754 2535 rn
774 2472 887 2556 herba,

92 2568 311 2651 cumprimum
334 2567 440 2630 sulcos
464 2573 601 2650 aequant
625 2573 707 2654 sata,
730 2569 848 2653 quique
870 2569 995 2652 paludis

92 2665 255 2730 conlectum
276 2687 420 2730 umorem
442 2666 554 2730 bibula
576 2665 701 2730 deducit
723 2665 863 2728 harena?

93 2763 265 2842 praesertim
286 2762 417 2826 incertis
441 2763 470 2826 si
491 2762 655 2826 mensibus
679 2764 781 2826 amnis
805 2763 969 2826 abundans
1030 2782 1082 2828 115

93 2859 146 2922 erit
166 2863 197 2923 et
220 2859 359 2924 obducto
382 2860 447 2923 1311
469 2863 558 2923 tenet
580 2861 688 2924 omnia
709 2860 801 2945 limo,

94 2956 160 3019 unde
182 2978 276 3021 cavae
299 2956 407 3038 tepido
431 2957 547 3020 sudant
570 2979 680 3021 umore
702 2957 842 3020 lacunae.

61 3127 66 3142 Ι
116 3050 300 3138 Nectamen,
308 3051 465 3116 haeccum
475 3054 776 3138 sinthominumque
786 3054 946 3139 boumque
955 3055 1082 3119 labores

95 3151 230 3215 versando
253 3154 373 3214 terram
395 3151 531 3234 experti,
552 3151 636 3214 nihil
657 3151 824 3232 improbus
848 3173 940 3214 anser

96 3241 342 3332 Strymoniaeque
364 3267 460 3330 grues
483 3252 515 3311 ct
539 3249 654 3312 amaris
677 3243 781 3310 intiba
803 3248 894 3311 fibris
1032 3265 1082 3313 120

97 3342 222 3410 officiunt
246 3349 302 3409 aut
324 3343 438 3408 umbra
459 3349 561 3408 nocet.
607 3351 699 3428 pater
721 3347 790 3430 ipse
813 3346 936 3411 colendi

96 3435 164 3504 haud
184 3443 309 3507 facilem
332 3464 400 3505 esse
423 3443 509 3506 viam
531 3443 648 3528 voluit,
671 3443 857 3527 primusque
880 3466 937 3526 per
960 3448 1058 3508 artem

136 3554 247 3608 1111111111,
263 3555 351 3605 vergit
907 3553 923 3598 3
