2530 3960
186 275 250 336 422
633 276 759 334 CULEX.

188 431 275 520 (quis
299 440 408 500 tamen
431 437 585 500 infestum
608 459 754 522 pugnans
779 438 937 502 devicerat
959 437 1114 525 hostem),

187 534 292 596 rivum
315 539 447 616 propter
471 557 571 617 aquae
594 535 690 598 viridi
714 535 773 598 sub
797 536 910 599 fronde
932 536 1089 600 latentem
1151 553 1199 600 311

189 630 388 693 conformare
411 631 518 695 locum
541 631 627 714 capit
649 631 794 716 impiger,
817 632 903 696 hunc
926 637 959 696 et
982 634 1019 696 in
1041 633 1153 696 orbem

189 727 329 790 destinat
353 749 389 790 ac
411 727 488 790 ferri
511 728 660 811 capulum
682 729 833 810 repetivit
856 730 891 792 in
913 752 1018 816 usum,

188 824 384 908 gramineam
409 826 489 908 <111>
511 825 606 888 viridi
628 825 750 888 foderet
774 826 812 889 de
836 827 976 911 caespite
999 831 1136 891 terram:

187 920 252 983 iam
275 943 396 985 memor
419 921 581 1005 inceptum
604 942 758 1006 peragens
783 923 846 986 sibi
868 945 944 987 cura
966 924 1114 988 laborem

188 1022 376 1103 congestum
399 1019 574 1082 cumulavit
598 1041 688 1105 opus,
711 1023 807 1102 atque
831 1040 947 1104 aggere
971 1022 1076 1085 multo
1150 1040 1200 1086 191

188 1117 314 1180 telluris
338 1117 483 1181 tumulus
506 1117 681 1202 formatum
704 1117 803 1180 crevit
825 1118 860 1182 in
884 1118 1002 1181 orbem.

189 1235 283 1296 quem
306 1213 425 1276 circum
447 1212 587 1295 lapidem
609 1213 673 1276 levi
695 1212 733 1276 de
755 1237 913 1278 marmore
936 1216 1080 1280 formans

189 1310 337 1395 conserit,
360 1308 509 1374 adsiduae
532 1331 624 1373 curae
647 1331 776 1374 memor.
808 1310 861 1374 hic
884 1315 917 1374 et
941 1312 1097 1375 acanthos

188 1411 220 1471 et
243 1429 317 1471 rosa
339 1427 536 1491 purpureum
559 1428 700 1470 crescens
725 1407 910 1490 pudibunda
932 1408 1085 1472 ruborem

188 1509 220 1570 et
243 1505 346 1568 violae
370 1525 471 1588 genus
497 1525 598 1589 omne,
620 1504 672 1567 hic
696 1508 744 1568 est
768 1507 799 1567 et
823 1502 971 1587 Spartica
993 1509 1122 1587 myrtus
1151 1524 1200 1570 400

188 1607 284 1686 atque
306 1601 498 1685 hyacinthos
522 1605 554 1664 et
576 1600 629 1665 hic
652 1599 744 1666 Cilici
767 1623 876 1664 crocus
902 1601 1007 1665 editus
1031 1623 1120 1686 arvo,

187 1702 297 1764 laurus
320 1699 399 1762 item
421 1697 545 1762 Phoebi
569 1695 701 1782 surgens
726 1699 829 1784 decus,
850 1697 904 1761 hic
926 1697 1158 1782 rhododaphne

188 1798 319 1878 liliaque
343 1800 375 1859 et
397 1796 480 1858 roris
503 1816 570 1858 non
593 1795 663 1858 avia
682 1817 757 1858 cura
779 1795 896 1858 marini

186 1894 349 1976 herbaque
372 1893 454 1956 turis
479 1914 554 1975 opes
578 1892 692 1974 priscis
715 1893 841 1956 imitata
865 1890 985 1956 Sabina

188 1989 464 2074 chrysanthusque
483 1989 679 2071 hederaeque
701 1990 790 2052 nitor
807 1990 947 2072 pallente
971 1991 1125 2073 corymbo
1149 2009 1198 2056 411

187 2095 219 2154 11
242 2087 381 2153 bocchus
405 2085 526 2169 Libyae
550 2086 634 2170 regis
658 2107 793 2168 memor;
816 2085 869 2149 hic
892 2092 1077 2150 amarantus

186 2189 420 2266 humastusque
443 2184 549 2247 virens
573 2187 605 2246 et
629 2205 753 2266 semper
776 2183 889 2247 florida
912 2184 1015 2267 tinus3

185 2307 252 2350 non
274 2282 364 2346 illinc
385 2281 546 2344 narcissus
571 2280 670 2366 abest,
693 2280 743 2342 cui
767 2281 870 2364 gloria
892 2281 1015 2344 formae

185 2384 260 2468 igne
284 2377 459 2462 Cupidineo
483 2377 631 2460 proprios
656 2377 775 2439 exarsit
798 2377 832 2439 in
856 2380 958 2460 artus3

186 2483 219 2543 et
243 2497 458 2563 quoscumque
480 2478 602 2539 norant
625 2473 791 2536 vernantia
813 2476 960 2554 tempora
984 2472 1090 2558 flores,
1147 2491 1197 2537 411

184 2575 236 2638 his
260 2572 403 2637 tumulus
427 2593 522 2654 super
544 2571 705 2633 inseritur.
741 2574 811 2632 tum
834 2569 941 2632 fronte
964 2570 1089 2634 locatur

187 2671 336 2755 elogium,
358 2669 456 2732 tacita
478 2669 596 2730 format
620 2668 704 2750 quod
727 2667 836 2728 littera
857 2687 947 2729 voce:

185 2769 294 2851 ‘parve
317 2767 417 2851 culex,
439 2766 595 2849 pecudum
618 2768 727 2828 custos
750 2763 812 2826 tibi
834 2761 899 2825 tale
922 2765 1061 2828 merenti

185 2863 306 2928 funeris
331 2864 472 2927 officium
495 2862 579 2926 vitae
601 2883 660 2944 pro
684 2882 812 2924 munere
835 2859 959 2923 reddit'

945 2929 1076 3078 ,1,,11
