2530 3960
172 189 239 251 434
629 189 730 244 CIR-IS.

172 369 258 413 nunc
280 353 415 414 tremere
437 350 589 414 instantis
613 350 690 414 belli
714 351 885 420 certamina
908 352 987 416 dicit

173 467 434 531 communemque
456 447 568 510 timere
591 447 694 532 deum,
715 469 799 512 nunc
822 448 908 532 regis
932 451 1056 535 amicis,

173 543 300 626 iamque
323 544 387 626 ipsi
405 544 553 608 veritast:
577 544 692 607 orbum
710 544 766 608 flet
784 549 906 608 maesta
924 551 1110 632 parentem,
1149 564 1203 611 311

174 661 246 704 cum
268 640 344 726 Iove
368 661 549 704 communes
573 641 629 723 qui
651 640 733 704 nolit
755 641 873 704 habere
895 648 1040 724 nepotes.

174 759 260 802 nuno
283 738 379 801 etiam
402 738 537 802 conficta
560 737 633 801 dolo
656 737 819 800 mendacia
841 739 931 821 turpi

173 833 298 897 invenit
320 838 352 897 et
376 834 484 898 divum
507 838 606 898 terret
629 833 797 897 formidine
820 833 918 918 cives3

171 952 256 994 nunc
280 931 342 994 alia
360 953 398 995 ex
422 931 494 994 aliis
518 929 589 1017 (nec
612 927 742 1016 desunt)
766 931 874 994 omina
898 933 1033 1014 quaerit.

174 1027 253 1110 quin
276 1027 373 1092 etiam
396 1031 501 1092 castos
525 1051 602 1109 ausa
625 1031 674 1090 cst
697 1049 899 1111 corrumpere
923 1034 1025 1114 11111,
1145 1047 1202 1095 ass

172 1127 218 1209 ut,
241 1145 313 1187 cum
336 1146 426 1188 11111
448 1125 502 1207 pio
526 1123 691 1188 cecidisset
713 1124 843 1187 victima
865 1125 961 1210 ferro7

172 1224 279 1282 essent
303 1221 359 1302 qui
382 1241 534 1304 generum
557 1219 667 1283 Minoa
690 1220 875 1283 auctoribus
899 1222 982 1284 extis

172 1317 303 1400 iungere
327 1321 358 1380 11
382 1317 536 1399 ancipites
560 1316 729 1379 suaderent
752 1316 864 1380 tollere
887 1339 1023 1402 pugnas.

216 1412 261 1477 At
283 1413 404 1498 nutrix,
425 1414 536 1496 patula
559 1434 751 1496 componens
776 1414 931 1497 sulphura
952 1420 1051 1500 testa,

171 1511 349 1574 narcissum
372 1511 551 1592 casiamque
574 1509 690 1572 herbas
713 1510 853 1574 incendit
877 1511 1009 1598 olentes,
1141 1531 1198 1579 aro

171 1611 283 1689 terque
305 1627 429 1671 novena
451 1607 556 1690 ligans
575 1606 696 1688 triplici
719 1607 843 1670 diversa
870 1608 976 1671 colore

171 1703 226 1766 fila
250 1705 310 1766 ‘ter
332 1704 366 1767 in
389 1703 546 1788 gremium
567 1703 703 1766 mecum'
726 1704 832 1786 inquit
856 1705 996 1791 despue,
1019 1706 1134 1794 virgo,

172 1801 289 1884 despue
312 1805 370 1885 ter,
391 1801 496 1884 virgo:
520 1821 652 1863 numero
676 1800 752 1863 deus
775 1800 896 1884 impare
920 1802 1063 1884 gaudet?

172 1897 245 1959 inde
267 1918 361 1981 mago
385 1897 546 1980 geminata
567 1895 636 1959 Iovi
661 1893 819 1980 Stygialia
837 1919 935 1981 sacra,

172 2015 260 2057 sacra
282 2015 340 2057 nee
362 1992 464 2056 idaeis
488 1991 612 2055 anubus
634 2014 693 2055 nee
716 1993 844 2077 cognita
867 1991 961 2057 Grais
1138 2016 1193 2062 ars

171 2090 287 2174 pergit,
310 2090 482 2172 Amyclaeo
506 2109 660 2173 spargens
680 2089 795 2152 altaria
816 2089 928 2175 thado,

171 2187 257 2271 regis
280 2184 423 2250 Iolciacis
447 2185 588 2248 animum
611 2185 746 2269 defigere
768 2187 860 2250 votis.

171 2305 281 2348 verum
303 2282 360 2347 ubi
382 2283 471 2345 nulla
492 2286 600 2346 movet
623 2283 773 2345 stabilem
794 2283 922 2346 fallacia
944 2281 1067 2349 Nisum

169 2402 228 2444 1111
249 2383 386 2464 possunt
408 2379 553 2443 homines
575 2400 633 2442 1111
655 2385 792 2462 possunt
814 2378 938 2443 flectere
961 2380 1028 2444 divi

171 2477 277 2564 (tanta
300 2481 350 2541 est
372 2478 406 2540 in
427 2498 526 2560 parvo
550 2476 666 2539 fiducia
688 2476 774 2539 crine
797 2475 952 2562 cavendi),
1134 2499 1190 2546 330

170 2596 282 2638 rursus
305 2574 345 2637 ad
367 2574 528 2657 inceptum
551 2573 671 2637 sociam
694 2594 728 2636 11
750 2573 858 2657 iungit
880 2573 1029 2637 alumnae

169 2691 428 2755 purpureumque
449 2673 542 2753 parat
564 2691 675 2733 rursus
699 2669 830 2732 tondere
853 2670 1016 2754 capiilnm,

170 2773 238 2831 tam
260 2768 357 2851 longo
382 2766 467 2850 quod
489 2766 553 2828 iam
575 2770 684 2848 captat
706 2787 887 2829 succurrere
906 2767 1020 2852 amori,

169 2886 236 2928 non
257 2865 365 2927 minus
387 2862 443 2925 illa
465 2866 582 2945 tamen,
603 2862 711 2925 revehi
735 2863 820 2945 quod
842 2864 970 2926 moenia
992 2861 1113 2929 Cressa

170 2961 320 3046 gaudeat:
343 2963 375 3023 et
397 2959 495 3023 cineri
517 2959 623 3041 patria
640 2964 689 3022 est
712 2959 850 3022 iucunda
872 2960 1008 3042 sepulto.
1131 2981 1183 3028 311

214 3056 302 3140 Ergo
326 3057 443 3120 iterum
465 3055 562 3137 capiti
586 3051 693 3138 Scylla
716 3060 765 3118 est
787 3055 916 3118 inimica
937 3060 1092 3139 patemo:

169 3157 240 3216 tum
263 3175 353 3216 coma
376 3150 508 3215 Sidonio
531 3151 648 3214 florens
671 3151 828 3216 deciditur
851 3156 951 3237 ostro,

169 3255 240 3313 tum
263 3251 388 3330 capitur
410 3247 540 3332 Megara
563 3252 596 3310 et
618 3249 727 3311 divum
749 3270 885 3332 reponsa
907 3249 1100 3338 probantur,

169 3353 239 3410 tum
264 3366 417 3426 suspensa
439 3366 523 3408 noro
545 3344 611 3407 ritu
634 3345 672 3407 de
694 3345 831 3408 navibus
853 3345 928 3408 altis

170 3467 226 3528 per
249 3463 335 3505 mare
358 3443 535 3504 cacmleum
558 3441 698 3504 trahitur
720 3440 833 3506 Niseia
854 3443 946 3526 virgo
1127 3463 1179 3512 aso
