2514 3966
397 233 544 289 VERGlLl
563 236 694 291 Auscis
713 237 738 292 X
1007 237 1071 302 327

79 419 128 461 nec
147 419 213 481 spes
236 395 303 460 ulla
326 396 429 481 fugae.
476 397 586 462 miseri
610 401 698 463 stant
721 398 866 463 turribus
890 399 965 464 altis

78 495 254 578 nequiquam
277 497 310 558 et
328 515 401 559 rara
422 515 532 560 muros
556 495 682 560 cinxere
704 517 821 560 corona

77 593 160 656 Asius
181 591 375 655 Imbrasides
398 589 673 676 Hicetaoniusque
695 591 891 676 Thymoetes

76 690 273 772 Assaracique
296 688 359 752 duo
383 693 416 752 εὴ
440 689 546 754 senior
570 711 643 754 cum
666 687 801 754 Castore
823 688 1006 775 Thymbria,

75 787 165 869 prima
186 787 283 869 acies3
306 785 366 848 hos
390 786 535 869 germani
560 783 754 869 Sarpedonis
778 785 872 850 ambo
1022 802 1073 851 125

76 887 104 946 et
123 880 228 947 Clarus
252 886 285 946 et
308 880 474 945 Thaemon
494 881 593 966 Lycia
615 883 809 948 comitantur
832 884 873 948 ab
897 883 970 947 alta.

74 981 129 1045 fert
147 980 258 1064 ingens
283 982 354 1043 toto
377 978 511 1042 conixus
534 1000 667 1063 corpore
692 1001 814 1065 saxum,

74 1077 143 1142 haut
163 1079 288 1160 partem
310 1075 459 1159 exiguam
480 1076 611 1162 montis,
633 1075 807 1160 Lyrnesius
830 1075 965 1161 Acmon,

73 1195 123 1239 nec
143 1172 248 1257 Clytio
272 1171 419 1257 genitore
440 1172 547 1236 minor
568 1193 627 1237 nec
649 1173 748 1237 fratre
771 1172 966 1238 Menestheo.

74 1272 104 1334 hi
121 1272 239 1356 iaculis,
260 1269 311 1334 illi
333 1273 457 1333 certant
480 1268 646 1334 defendere
670 1269 755 1334 saxis
1022 1286 1070 1335 13⁰

73 1369 231 1454 molirique
252 1368 362 1453 ignem
382 1387 544 1451 neruoque
568 1369 678 1449 aptare
701 1367 847 1452 sagittas.

73 1469 133 1550 ipse
153 1467 236 1530 inter
258 1463 390 1548 medios,
412 1462 547 1528 Veneris
570 1463 749 1528 iustissima
772 1485 856 1549 cura,

73 1562 242 1628 Dardanius
267 1565 362 1646 caput
385 1581 455 1624 ecce
477 1582 557 1643 puer
579 1560 723 1625 detectus
745 1561 928 1646 honestum,

74 1661 166 1744 quahs
189 1680 315 1744 gemma
337 1659 443 1744 micat,
465 1657 588 1722 fulvom
612 1679 693 1741 quae
716 1658 830 1722 dividit
854 1681 975 1744 aurum,

73 1761 122 1822 aut
142 1756 222 1821 collo
246 1755 341 1820 decus
364 1759 421 1819 aut
444 1755 554 1840 capiti3
577 1755 629 1818 vel
651 1755 745 1837 quale
767 1777 824 1838 per
847 1760 949 1820 artem
1020 1774 1070 1822 135

72 1854 220 1918 inclusum
242 1852 330 1916 buxo
353 1855 410 1914 aut
433 1848 539 1914 Oricia
562 1852 745 1916 terebintho

73 1951 148 2014 lucet
169 1950 260 2032 ebur3
283 1948 374 2012 fusos
397 1947 504 2011 cervix
527 1947 578 2010 cui
600 1948 701 2013 lactea
724 1949 821 2013 crinis

72 2048 178 2131 accipit
200 2051 232 2110 et
254 2045 346 2109 molli
369 2044 560 2110 subnectens
583 2045 719 2110 circulus
743 2067 830 2110 aure.

71 2149 102 2208 te
123 2165 245 2228 quoque
267 2142 489 2226 magnanimae
511 2141 669 2227 uiderunt,
690 2140 820 2228 Ismare,
843 2146 955 2226 gentes

73 2241 193 2306 volnera
215 2239 358 2324 derigere
381 2242 414 2302 et
436 2239 575 2303 calamos
599 2261 722 2304 armare
745 2260 878 2325 veneno,
1021 2257 1070 2306 140

70 2336 210 2402 Maeonia
232 2357 386 2421 generose
409 2334 513 2420 domo,
535 2335 593 2398 ubi
615 2335 749 2421 pinguia
771 2335 857 2400 culta

71 2437 272 2516 exercentque
294 2431 356 2495 uiri
377 2429 592 2515 Pactolusque
615 2433 736 2518 inrigat
759 2453 845 2496 auro.

71 2531 166 2596 adluit
187 2534 220 2594 et
243 2527 440 2614 Mnestheus,
463 2550 558 2612 quem
580 2530 666 2614 pulsi
689 2529 827 2613 pristina
850 2528 951 2594 Turni

71 2649 179 2714 aggere
199 2647 382 2692 moerorum
405 2626 575 2690 sublimem
597 2627 702 2711 gloria
723 2627 821 2712 tollit,

72 2731 100 2789 et
120 2723 239 2809 Capys:
260 2722 337 2787 hino
358 2743 476 2788 nomen
499 2720 678 2806 Campanae
702 2723 828 2787 ducitur
846 2722 928 2787 urbi.
1022 2741 1071 2790 145

109 2821 160 2886 Illi
182 2823 267 2886 inter
290 2842 359 2886 sese
382 2821 453 2884 duri
476 2821 649 2885 certamina
667 2820 745 2885 belli

71 2918 276 2983 contulerant:
300 2915 404 2981 media
426 2914 551 2981 Aeneas
574 2917 657 2981 freta
678 2921 773 2981 nocte
796 2917 933 2982 secabat.

71 3034 200 3099 namque
223 3018 261 3078 ut
283 3014 323 3078 ab
346 3013 499 3078 Euandro
524 3015 637 3078 castris
660 3014 826 3099 ingressus
849 3014 997 3078 Etruscis

72 3131 170 3197 regem
193 3112 260 3176 adit
283 3115 315 3175 et
338 3111 408 3195 regi
430 3115 586 3175 memorat
608 3132 790 3194 nomenque
810 3131 983 3197 genusque,

72 3211 178 3290 quidue
201 3213 291 3293 petat
315 3209 431 3292 quidve
453 3209 523 3292 ipse
545 3209 637 3293 ferat,
659 3206 837 3271 Mezentius
861 3229 950 3272 arma
1022 3226 1072 3274 150

72 3325 144 3386 quae
167 3306 230 3371 sibi
252 3305 408 3389 conciliet,
431 3304 635 3388 violentaque
658 3307 788 3387 pectora
811 3301 912 3366 Turni

72 3401 181 3489 edocet,
202 3401 352 3466 humanis
377 3422 458 3484 quae
481 3401 525 3464 sit
547 3400 663 3465 fiducia
686 3401 782 3464 rebus

73 3498 210 3565 admonet
232 3498 454 3583 immiscetque
477 3519 598 3582 preces:
621 3498 701 3562 haut
724 3498 762 3562 fit
784 3519 884 3584 mora,
907 3495 1054 3561 Tarchon
