2530 3960
197 270 262 332 416
641 262 766 318 cucur.

198 431 344 514 impiger,
367 429 541 514 exanimus,
563 428 616 490 vix
640 448 771 508 compos
790 427 897 487 mente
920 423 1053 508 refugit,

198 528 324 590 nescius
348 526 503 609 aspiciens
527 526 639 610 (timor
664 527 882 588 occaecaverat
909 521 1024 605 artus).

200 625 255 688 sed
279 624 455 707 quoderat
478 624 588 686 tardus
613 623 718 686 somni
740 622 895 705 languore
918 624 1045 683 remoto

198 722 260 785 hoc
283 721 389 784 minus
412 721 571 803 implicuit
594 721 663 783 dira
685 720 855 784 formidine
874 724 1025 802 mentem,

201 824 232 882 et
255 819 396 882 validum
419 818 530 881 dextra
553 818 692 881 detraxit
716 818 755 880 ab
780 819 893 882 arbore
917 823 1071 882 truncum

202 916 313 1002 (quam
336 938 427 980 casus
452 916 581 979 sociarit
604 938 697 998 opern
719 936 877 978 numenne
901 915 1036 980 deornm

201 1015 334 1097 prodere
359 1015 401 1076 sit
425 1013 566 1097 dubium,
587 1013 689 1076 valuit
714 1013 768 1076 sed
791 1012 917 1076 vincere
940 1014 1016 1076 talis
1154 1081 1157 1088 ,

201 1112 331 1174 horrida
355 1111 519 1194 squamosi
542 1111 704 1174 volventia
726 1110 869 1173 membra
893 1109 1058 1197 draconis)
1167 1128 1208 1174 195

203 1213 298 1292 atque
321 1209 508 1272 reluctantis
532 1208 650 1272 crebris
673 1207 826 1291 {bedeque
849 1210 991 1292 petentis

203 1307 320 1370 ictibus
346 1327 418 1370 ossa
441 1305 525 1389 ferit,
548 1306 680 1389 cingunt
705 1326 767 1387 qua
790 1310 937 1390 tempora
960 1308 1086 1372 cristae.

204 1427 299 1487 quern
322 1408 494 1486 postquam
517 1403 598 1465 vidit
621 1425 747 1466 caesum
770 1403 985 1489 languescere,
1009 1406 1101 1469 sedit
1164 1421 1207 1470 201

247 1501 316 1564 lam
336 1501 441 1583 quatit
464 1505 495 1564 et
519 1500 638 1584 biiugis
663 1501 768 1563 oriens
792 1501 930 1566 Erebeis
954 1525 1055 1586 equos
1080 1503 1154 1568 Nox

205 1603 236 1663 et
259 1600 350 1683 piger
373 1603 485 1662 aurata
508 1598 650 1681 procedit
673 1597 795 1680 Vesper
819 1599 859 1662 ab
884 1598 975 1684 Oeta,

205 1720 277 1761 cum
300 1717 396 1781 grege
419 1697 582 1778 compulso
606 1699 717 1778 pastor
740 1694 979 1777 duplicantibus
1003 1698 1129 1762 umbris

205 1793 292 1856 vadit
316 1797 347 1856 et
370 1793 404 1856 in
427 1793 528 1856 fessos
552 1793 693 1875 requiem
716 1793 789 1856 dare
813 1799 979 1876 comparat
1003 1799 1104 1860 artus.
1165 1812 1208 1858 205

206 1893 296 1954 cuius
319 1895 356 1954 ut
379 1890 512 1954 intravit
535 1890 635 1953 levior
658 1911 714 1971 per
737 1911 871 1973 corpora
895 1913 1029 1956 somnus

206 1989 419 2074 languideque
443 1989 542 2052 effuso
566 1989 752 2070 requierunt
775 1989 920 2053 membra
944 2011 1070 2076 sopore,

206 2087 327 2172 effigies
352 2086 391 2149 ad
414 2108 486 2149 eum
509 2085 618 2148 culicis
638 2086 764 2149 devenit
788 2089 819 2148 et
842 2087 891 2150 illi

206 2185 310 2248 tristis
335 2184 374 2247 ab
398 2188 513 2248 eventu
536 2184 649 2246 cecinit
673 2183 815 2247 convicia
837 2185 961 2248 mortis.

207 2282 304 2366 ‘quis'
327 2280 434 2363 inquit
458 2279 592 2342 ‘meritis
617 2279 654 2341 ad
680 2302 760 2362 quae
784 2281 909 2345 delatus
934 2282 1065 2347 acerbas
1166 2301 1209 2348 210

207 2402 304 2467 cogor
328 2379 414 2442 adire
437 2379 535 2441 vices!
558 2381 614 2439 tua
638 2378 713 2440 dum
736 2378 816 2441 mihi
840 2379 944 2442 carior
968 2379 1040 2462 ipsa

207 2479 273 2542 vita
296 2477 358 2540 fuit
381 2476 457 2560 vita,
479 2475 586 2558 rapior
610 2497 666 2556 per
689 2475 797 2538 inania
819 2477 933 2540 ventis.

207 2581 243 2640 tu
265 2577 371 2638 lentus
395 2573 518 2637 refoves
541 2572 678 2635 iucunda
701 2572 843 2637 membra
867 2575 985 2661 quiete,

208 2677 334 2757 ereptus
357 2671 470 2735 taetris
495 2693 511 2734 e
534 2669 689 2753 cladibus3
713 2674 746 2732 at
769 2693 839 2734 mea
862 2693 972 2736 manes

208 2772 328 2834 viscera
351 2767 506 2832 Lethaeas
531 2771 650 2850 cogunt
673 2772 839 2832 transnare
853 2767 919 2851 'per
942 2771 1059 2836 undas:
1165 2789 1208 2836 aro

208 2867 322 2952 praeda
346 2864 502 2929 Charonis
527 2884 612 2948 agor.
657 2864 748 2929 video
772 2870 809 2929 ut
832 2866 1003 2951 flagrantia
1027 2870 1130 2935 taedis

208 2966 318 3028 limina
341 2965 508 3028 conlucent
531 2963 658 3026 infestis
683 2963 789 3028 omnia
813 2965 949 3048 templis.

209 3063 303 3126 obvia
326 3060 508 3144 Tisiphone,
534 3061 734 3143 serpentibus
758 3062 898 3146 undique
921 3069 1059 3150 compta,

209 3165 240 3223 et
264 3160 407 3223 flammas
432 3162 464 3220 et
488 3180 581 3222 saeva
604 3158 710 3240 quatit
733 3158 814 3222 mihi
837 3160 976 3224 verbera.
1001 3184 1086 3245 pone

209 3255 376 3321 Cerberus:
401 3278 441 3318 en
463 3256 540 3320 diris
564 3255 703 3340 flagrant
726 3256 897 3321 latratibus
922 3281 987 3344 ora,
1167 3277 1206 3324 reo

209 3352 368 3437 anguibus
391 3351 466 3414 hinc
489 3355 585 3432 atque
608 3350 682 3415 hinc
705 3352 838 3417 horrent
861 3356 912 3418 cui
936 3357 1018 3420 'colla
1042 3357 1169 3422 reflexis

209 3448 439 3534 sanguineique
462 3448 580 3510 micant
604 3450 748 3512 ardorem
771 3450 901 3515 luminis
926 3453 1027 3518 orbes.

208 3547 280 3631 heu,
304 3543 381 3627 quid
405 3543 444 3606 ab
469 3545 573 3608 officio
598 3544 739 3630 digressa
764 3552 812 3611 est
836 3549 948 3635 gratia,
971 3571 1044 3615 cum
1069 3559 1103 3616 te
