<?xml version="1.0" encoding="UTF-8"?>
<!DOCTYPE html PUBLIC "-//W3C//DTD XHTML 1.0 Transitional//EN"
    "http://www.w3.org/TR/xhtml1/DTD/xhtml1-transitional.dtd">
<html xmlns="http://www.w3.org/1999/xhtml" xml:lang="en" lang="en">
 <head>
  <title>
</title>
<meta http-equiv="Content-Type" content="text/html;charset=utf-8" />
  <meta name='ocr-system' content='tesseract 3.04.00' />
  <meta name='ocr-capabilities' content='ocr_page ocr_carea ocr_par ocr_line ocrx_word'/>
</head>
<body>
  <div class='ocr_page' id='page_1' title='image "./pvergilimaronis11virggoog/pvergilimaronis11virggoog_0395.png"; bbox 0 0 2514 3966; ppageno 0'>
   <div class='ocr_carea' id='block_1_1' title="bbox 196 276 868 344">
    <p class='ocr_par' dir='ltr' id='par_1_1' title="bbox 196 156 1254 348">
     <span class='ocr_line' id='line_1_1' title="bbox 196 276 868 344; baseline -0.02 -1"><span class='ocrx_word' id='word_1_1' title='bbox 196 279 260 344; x_wconf 80' lang='lat'>332</span> <span class='ocrx_word' id='word_1_2' title='bbox 532 277 679 332; x_wconf 80' lang='lat' dir='ltr'>vasam</span> <span class='ocrx_word' id='word_1_3' title='bbox 698 276 868 332; x_wconf 77' lang='lat' dir='ltr'>aurursx</span> 
     </span>
    </p>
   </div>
   <div class='ocr_carea' id='block_1_2' title="bbox 194 439 1255 2656">
    <p class='ocr_par' dir='ltr' id='par_1_2' title="bbox 194 439 1202 619">
     <span class='ocr_line' id='line_1_2' title="bbox 194 439 1202 524; baseline 0.001 -21"><span class='ocrx_word' id='word_1_4' title='bbox 194 439 272 504; x_wconf 89' lang='lat' dir='ltr'>haec</span> <span class='ocrx_word' id='word_1_5' title='bbox 296 441 341 504; x_wconf 88' lang='lat' dir='ltr'>ait</span> <span class='ocrx_word' id='word_1_6' title='bbox 364 445 397 504; x_wconf 88' lang='lat' dir='ltr'>et</span> <span class='ocrx_word' id='word_1_7' title='bbox 421 461 527 504; x_wconf 89' lang='lat' dir='ltr'>secum</span> <span class='ocrx_word' id='word_1_8' title='bbox 549 443 666 524; x_wconf 83' lang='lat' dir='ltr'>versat,</span> <span class='ocrx_word' id='word_1_9' title='bbox 690 460 770 522; x_wconf 89' lang='lat' dir='ltr'>quos</span> <span class='ocrx_word' id='word_1_10' title='bbox 794 440 907 503; x_wconf 87' lang='lat' dir='ltr'>ducere</span> <span class='ocrx_word' id='word_1_11' title='bbox 930 443 1041 504; x_wconf 89' lang='lat' dir='ltr'>contra</span> <span class='ocrx_word' id='word_1_12' title='bbox 1150 457 1202 505; x_wconf 77' lang='lat'>285</span> 
     </span>
     <span class='ocr_line' id='line_1_3' title="bbox 195 536 1039 619; baseline 0.001 -20"><span class='ocrx_word' id='word_1_13' title='bbox 195 537 247 600; x_wconf 88' lang='lat' dir='ltr'>vel</span> <span class='ocrx_word' id='word_1_14' title='bbox 271 536 387 619; x_wconf 88' lang='lat' dir='ltr'>quibus</span> <span class='ocrx_word' id='word_1_15' title='bbox 412 537 560 601; x_wconf 88' lang='lat' dir='ltr'>obsessos</span> <span class='ocrx_word' id='word_1_16' title='bbox 584 536 689 618; x_wconf 91' lang='lat' dir='ltr'>possit</span> <span class='ocrx_word' id='word_1_17' title='bbox 712 537 899 600; x_wconf 81' lang='lat' dir='ltr'>concredere</span> <span class='ocrx_word' id='word_1_18' title='bbox 921 559 1039 602; x_wconf 88' lang='lat' dir='ltr'>muros.</span> 
     </span>
    </p>

    <p class='ocr_par' dir='ltr' id='par_1_3' title="bbox 196 632 1256 2656">
     <span class='ocr_line' id='line_1_4' title="bbox 239 632 982 715; baseline -0.003 -17"><span class='ocrx_word' id='word_1_19' title='bbox 239 633 367 698; x_wconf 78' lang='lat' dir='ltr'>Interea</span> <span class='ocrx_word' id='word_1_20' title='bbox 389 632 513 698; x_wconf 88' lang='lat' dir='ltr'>Aeneas</span> <span class='ocrx_word' id='word_1_21' title='bbox 538 633 641 697; x_wconf 89' lang='lat' dir='ltr'>socios</span> <span class='ocrx_word' id='word_1_22' title='bbox 660 632 698 696; x_wconf 90' lang='lat' dir='ltr'>de</span> <span class='ocrx_word' id='word_1_23' title='bbox 721 632 883 715; x_wconf 84' lang='lat' dir='ltr'>puppibus</span> <span class='ocrx_word' id='word_1_24' title='bbox 908 633 982 696; x_wconf 87' lang='lat' dir='ltr'>altis</span> 
     </span>
     <span class='ocr_line' id='line_1_5' title="bbox 196 729 974 814; baseline 0 -21"><span class='ocrx_word' id='word_1_25' title='bbox 196 730 351 813; x_wconf 88' lang='lat' dir='ltr'>pontibus</span> <span class='ocrx_word' id='word_1_26' title='bbox 375 729 514 814; x_wconf 76' lang='lat' dir='ltr'>exponit.</span> <span class='ocrx_word' id='word_1_27' title='bbox 560 729 655 793; x_wconf 91' lang='lat' dir='ltr'>multi</span> <span class='ocrx_word' id='word_1_28' title='bbox 679 751 805 794; x_wconf 87' lang='lat' dir='ltr'>servare</span> <span class='ocrx_word' id='word_1_29' title='bbox 827 751 974 793; x_wconf 91' lang='lat' dir='ltr'>recursus</span> 
     </span>
     <span class='ocr_line' id='line_1_6' title="bbox 197 807 1065 912; baseline -0.001 -21"><span class='ocrx_word' id='word_1_30' title='bbox 197 827 379 912; x_wconf 88' lang='lat' dir='ltr'>languentis</span> <span class='ocrx_word' id='word_1_31' title='bbox 403 826 509 911; x_wconf 85' lang='lat' dir='ltr'>pelagi</span> <span class='ocrx_word' id='word_1_32' title='bbox 533 829 565 889; x_wconf 93' lang='lat' dir='ltr'>et</span> <span class='ocrx_word' id='word_1_33' title='bbox 588 825 739 889; x_wconf 89' lang='lat' dir='ltr'>brevibus</span> <span class='ocrx_word' id='word_1_34' title='bbox 764 812 806 890; x_wconf 42' lang='lat' dir='ltr'>se*</span> <span class='ocrx_word' id='word_1_35' title='bbox 818 807 946 890; x_wconf 60' lang='lat' dir='ltr'>credere</span> <span class='ocrx_word' id='word_1_36' title='bbox 968 827 1065 912; x_wconf 86' lang='lat' dir='ltr'>saltu,</span> 
     </span>
     <span class='ocr_line' id='line_1_7' title="bbox 197 911 1255 1010; baseline 0 -22"><span class='ocrx_word' id='word_1_37' title='bbox 197 947 253 1006; x_wconf 89' lang='lat' dir='ltr'>per</span> <span class='ocrx_word' id='word_1_38' title='bbox 275 945 380 988; x_wconf 88' lang='lat' dir='ltr'>remos</span> <span class='ocrx_word' id='word_1_39' title='bbox 404 923 467 988; x_wconf 89' lang='lat' dir='ltr'>alii.</span> <span class='ocrx_word' id='word_1_40' title='bbox 514 922 696 1006; x_wconf 71' lang='lat' dir='ltr'>speculatus</span> <span class='ocrx_word' id='word_1_41' title='bbox 719 922 816 986; x_wconf 88' lang='lat' dir='ltr'>litora</span> <span class='ocrx_word' id='word_1_42' title='bbox 839 922 996 1010; x_wconf 78' lang='lat' dir='ltr'>Tarchon,</span> <span class='ocrx_word' id='word_1_43' title='bbox 1152 940 1203 988; x_wconf 77' lang='lat' dir='ltr'>coo</span> <span class='ocrx_word' id='word_1_44' title='bbox 1254 911 1255 970; x_wconf 72' lang='lat' dir='ltr'>l</span> 
     </span>
     <span class='ocr_line' id='line_1_8' title="bbox 198 1019 1140 1105; baseline 0 -21"><span class='ocrx_word' id='word_1_45' title='bbox 198 1043 261 1104; x_wconf 87' lang='lat' dir='ltr'>qua</span> <span class='ocrx_word' id='word_1_46' title='bbox 284 1020 364 1084; x_wconf 85' lang='lat' dir='ltr'>vada</span> <span class='ocrx_word' id='word_1_47' title='bbox 385 1042 453 1084; x_wconf 91' lang='lat' dir='ltr'>non</span> <span class='ocrx_word' id='word_1_48' title='bbox 476 1023 582 1104; x_wconf 88' lang='lat' dir='ltr'>sperat</span> <span class='ocrx_word' id='word_1_49' title='bbox 604 1040 663 1083; x_wconf 88' lang='lat' dir='ltr'>nec</span> <span class='ocrx_word' id='word_1_50' title='bbox 685 1019 787 1083; x_wconf 86' lang='lat' dir='ltr'>fracta</span> <span class='ocrx_word' id='word_1_51' title='bbox 810 1025 1023 1084; x_wconf 86' lang='lat' dir='ltr'>remurmurat</span> <span class='ocrx_word' id='word_1_52' title='bbox 1046 1021 1140 1105; x_wconf 85' lang='lat' dir='ltr'>unda,</span> 
     </span>
     <span class='ocr_line' id='line_1_9' title="bbox 198 1117 1061 1205; baseline 0 -23"><span class='ocrx_word' id='word_1_53' title='bbox 198 1118 253 1182; x_wconf 90' lang='lat' dir='ltr'>sed</span> <span class='ocrx_word' id='word_1_54' title='bbox 275 1139 362 1182; x_wconf 89' lang='lat' dir='ltr'>mare</span> <span class='ocrx_word' id='word_1_55' title='bbox 383 1117 577 1181; x_wconf 89' lang='lat' dir='ltr'>inoffensum</span> <span class='ocrx_word' id='word_1_56' title='bbox 599 1117 753 1180; x_wconf 84' lang='lat' dir='ltr'>crescenti</span> <span class='ocrx_word' id='word_1_57' title='bbox 776 1117 937 1180; x_wconf 88' lang='lat' dir='ltr'>adlabitur</span> <span class='ocrx_word' id='word_1_58' title='bbox 960 1122 1061 1205; x_wconf 89' lang='lat' dir='ltr'>aestu,</span> 
     </span>
     <span class='ocr_line' id='line_1_10' title="bbox 198 1211 992 1297; baseline 0 -18"><span class='ocrx_word' id='word_1_59' title='bbox 198 1216 336 1279; x_wconf 83' lang='lat' dir='ltr'>advertit</span> <span class='ocrx_word' id='word_1_60' title='bbox 360 1214 467 1278; x_wconf 91' lang='lat' dir='ltr'>subito</span> <span class='ocrx_word' id='word_1_61' title='bbox 491 1235 620 1297; x_wconf 88' lang='lat' dir='ltr'>proram</span> <span class='ocrx_word' id='word_1_62' title='bbox 644 1211 811 1295; x_wconf 89' lang='lat' dir='ltr'>sociosque</span> <span class='ocrx_word' id='word_1_63' title='bbox 831 1218 992 1296; x_wconf 88' lang='lat' dir='ltr'>precatur:</span> 
     </span>
     <span class='ocr_line' id='line_1_11' title="bbox 199 1307 1064 1397; baseline -0.002 -21"><span class='ocrx_word' id='word_1_64' title='bbox 199 1314 304 1397; x_wconf 68' lang='lat' dir='ltr'>hunc,</span> <span class='ocrx_word' id='word_1_65' title='bbox 327 1334 345 1376; x_wconf 94' lang='lat'>0</span> <span class='ocrx_word' id='word_1_66' title='bbox 368 1312 450 1375; x_wconf 86' lang='lat' dir='ltr'>lecta</span> <span class='ocrx_word' id='word_1_67' title='bbox 472 1333 597 1396; x_wconf 90' lang='lat' dir='ltr'>manus,</span> <span class='ocrx_word' id='word_1_68' title='bbox 618 1309 732 1373; x_wconf 88' lang='lat' dir='ltr'>validis</span> <span class='ocrx_word' id='word_1_69' title='bbox 755 1307 930 1373; x_wconf 87' lang='lat' dir='ltr'>incumbite</span> <span class='ocrx_word' id='word_1_70' title='bbox 953 1311 1064 1395; x_wconf 83' lang='lat' dir='ltr'>remis3</span> 
     </span>
     <span class='ocr_line' id='line_1_12' title="bbox 198 1405 1204 1494; baseline -0.001 -21"><span class='ocrx_word' id='word_1_71' title='bbox 198 1409 313 1494; x_wconf 89' lang='lat' dir='ltr'>tollite,</span> <span class='ocrx_word' id='word_1_72' title='bbox 335 1410 416 1473; x_wconf 87' lang='lat' dir='ltr'>ferte</span> <span class='ocrx_word' id='word_1_73' title='bbox 439 1411 537 1491; x_wconf 81' lang='lat' dir='ltr'>rates3</span> <span class='ocrx_word' id='word_1_74' title='bbox 561 1406 722 1470; x_wconf 88' lang='lat' dir='ltr'>inimicam</span> <span class='ocrx_word' id='word_1_75' title='bbox 745 1405 856 1468; x_wconf 91' lang='lat' dir='ltr'>findite</span> <span class='ocrx_word' id='word_1_76' title='bbox 879 1407 994 1470; x_wconf 88' lang='lat' dir='ltr'>rostris</span> <span class='ocrx_word' id='word_1_77' title='bbox 1155 1425 1204 1472; x_wconf 77' lang='lat' dir='ltr'>roo</span> 
     </span>
     <span class='ocr_line' id='line_1_13' title="bbox 197 1503 1103 1591; baseline -0.002 -20"><span class='ocrx_word' id='word_1_78' title='bbox 197 1509 280 1572; x_wconf 89' lang='lat' dir='ltr'>hanc</span> <span class='ocrx_word' id='word_1_79' title='bbox 302 1511 429 1591; x_wconf 86' lang='lat' dir='ltr'>terram,</span> <span class='ocrx_word' id='word_1_80' title='bbox 453 1505 638 1588; x_wconf 87' lang='lat' dir='ltr'>sulcumque</span> <span class='ocrx_word' id='word_1_81' title='bbox 662 1503 724 1567; x_wconf 87' lang='lat' dir='ltr'>sibi</span> <span class='ocrx_word' id='word_1_82' title='bbox 747 1505 871 1587; x_wconf 89' lang='lat' dir='ltr'>premat</span> <span class='ocrx_word' id='word_1_83' title='bbox 893 1503 965 1586; x_wconf 78' lang='lat' dir='ltr'>ipsa</span> <span class='ocrx_word' id='word_1_84' title='bbox 988 1505 1103 1569; x_wconf 88' lang='lat' dir='ltr'>carina.</span> 
     </span>
     <span class='ocr_line' id='line_1_14' title="bbox 198 1599 960 1686; baseline -0.001 -20"><span class='ocrx_word' id='word_1_85' title='bbox 198 1603 345 1686; x_wconf 88' lang='lat' dir='ltr'>frangere</span> <span class='ocrx_word' id='word_1_86' title='bbox 366 1622 425 1664; x_wconf 90' lang='lat' dir='ltr'>nec</span> <span class='ocrx_word' id='word_1_87' title='bbox 447 1600 506 1664; x_wconf 88' lang='lat' dir='ltr'>tali</span> <span class='ocrx_word' id='word_1_88' title='bbox 528 1600 663 1683; x_wconf 90' lang='lat' dir='ltr'>puppim</span> <span class='ocrx_word' id='word_1_89' title='bbox 687 1599 826 1664; x_wconf 89' lang='lat' dir='ltr'>statione</span> <span class='ocrx_word' id='word_1_90' title='bbox 848 1621 960 1665; x_wconf 91' lang='lat' dir='ltr'>recuso</span> 
     </span>
     <span class='ocr_line' id='line_1_15' title="bbox 198 1697 1025 1782; baseline -0.001 -19"><span class='ocrx_word' id='word_1_91' title='bbox 198 1703 325 1782; x_wconf 87' lang='lat' dir='ltr'>arrepta</span> <span class='ocrx_word' id='word_1_92' title='bbox 347 1697 462 1761; x_wconf 89' lang='lat' dir='ltr'>tellure</span> <span class='ocrx_word' id='word_1_93' title='bbox 486 1698 602 1761; x_wconf 65' lang='lat' dir='ltr'>semel?</span> <span class='ocrx_word' id='word_1_94' title='bbox 649 1719 729 1780; x_wconf 89' lang='lat' dir='ltr'>quae</span> <span class='ocrx_word' id='word_1_95' title='bbox 752 1698 830 1762; x_wconf 88' lang='lat' dir='ltr'>talia</span> <span class='ocrx_word' id='word_1_96' title='bbox 852 1703 1025 1782; x_wconf 84' lang='lat' dir='ltr'>postquam</span> 
     </span>
     <span class='ocr_line' id='line_1_16' title="bbox 199 1793 935 1880; baseline 0 -21"><span class='ocrx_word' id='word_1_97' title='bbox 199 1797 312 1860; x_wconf 84' lang='lat' dir='ltr'>effatus</span> <span class='ocrx_word' id='word_1_98' title='bbox 337 1794 493 1880; x_wconf 78' lang='lat' dir='ltr'>Tarchon,</span> <span class='ocrx_word' id='word_1_99' title='bbox 516 1793 595 1857; x_wconf 89' lang='lat' dir='ltr'>socii</span> <span class='ocrx_word' id='word_1_100' title='bbox 617 1815 808 1878; x_wconf 87' lang='lat' dir='ltr'>consurgere</span> <span class='ocrx_word' id='word_1_101' title='bbox 831 1796 935 1859; x_wconf 87' lang='lat' dir='ltr'>tonsis</span> 
     </span>
     <span class='ocr_line' id='line_1_17' title="bbox 199 1890 1204 1978; baseline 0.003 -21"><span class='ocrx_word' id='word_1_102' title='bbox 199 1892 440 1976; x_wconf 87' lang='lat' dir='ltr'>spumantisque</span> <span class='ocrx_word' id='word_1_103' title='bbox 463 1895 548 1954; x_wconf 90' lang='lat' dir='ltr'>rates</span> <span class='ocrx_word' id='word_1_104' title='bbox 572 1891 656 1954; x_wconf 85' lang='lat' dir='ltr'>arvis</span> <span class='ocrx_word' id='word_1_105' title='bbox 679 1891 796 1955; x_wconf 89' lang='lat' dir='ltr'>inferre</span> <span class='ocrx_word' id='word_1_106' title='bbox 820 1890 954 1978; x_wconf 90' lang='lat' dir='ltr'>Latinis,</span> <span class='ocrx_word' id='word_1_107' title='bbox 1155 1912 1204 1960; x_wconf 79' lang='lat'>300</span> 
     </span>
     <span class='ocr_line' id='line_1_18' title="bbox 198 1987 1035 2054; baseline 0.001 -1"><span class='ocrx_word' id='word_1_108' title='bbox 198 1991 297 2053; x_wconf 93' lang='lat' dir='ltr'>donec</span> <span class='ocrx_word' id='word_1_109' title='bbox 320 1992 427 2052; x_wconf 85' lang='lat' dir='ltr'>rostra</span> <span class='ocrx_word' id='word_1_110' title='bbox 449 1991 560 2052; x_wconf 89' lang='lat' dir='ltr'>tenent</span> <span class='ocrx_word' id='word_1_111' title='bbox 583 1987 702 2051; x_wconf 91' lang='lat' dir='ltr'>siccum</span> <span class='ocrx_word' id='word_1_112' title='bbox 725 1992 757 2051; x_wconf 90' lang='lat' dir='ltr'>et</span> <span class='ocrx_word' id='word_1_113' title='bbox 781 1989 888 2054; x_wconf 90' lang='lat' dir='ltr'>sedere</span> <span class='ocrx_word' id='word_1_114' title='bbox 911 1989 1035 2054; x_wconf 86' lang='lat' dir='ltr'>carinae</span> 
     </span>
     <span class='ocr_line' id='line_1_19' title="bbox 199 2085 1073 2171; baseline 0 -20"><span class='ocrx_word' id='word_1_115' title='bbox 199 2109 308 2151; x_wconf 91' lang='lat' dir='ltr'>omnes</span> <span class='ocrx_word' id='word_1_116' title='bbox 331 2087 495 2171; x_wconf 81' lang='lat' dir='ltr'>innocuae,</span> <span class='ocrx_word' id='word_1_117' title='bbox 519 2085 573 2149; x_wconf 90' lang='lat' dir='ltr'>sed</span> <span class='ocrx_word' id='word_1_118' title='bbox 594 2106 661 2148; x_wconf 94' lang='lat' dir='ltr'>non</span> <span class='ocrx_word' id='word_1_119' title='bbox 683 2085 801 2170; x_wconf 89' lang='lat' dir='ltr'>puppis</span> <span class='ocrx_word' id='word_1_120' title='bbox 824 2089 894 2169; x_wconf 89' lang='lat' dir='ltr'>tua,</span> <span class='ocrx_word' id='word_1_121' title='bbox 918 2085 1073 2152; x_wconf 85' lang='lat' dir='ltr'>Tarchon.</span> 
     </span>
     <span class='ocr_line' id='line_1_20' title="bbox 198 2171 1074 2270; baseline -0.001 -22"><span class='ocrx_word' id='word_1_122' title='bbox 198 2207 336 2268; x_wconf 89' lang='lat' dir='ltr'>namque</span> <span class='ocrx_word' id='word_1_123' title='bbox 359 2182 480 2246; x_wconf 87' lang='lat' dir='ltr'>inflicta</span> <span class='ocrx_word' id='word_1_124' title='bbox 503 2181 576 2246; x_wconf 86' lang='lat' dir='ltr'>vadi</span> <span class='ocrx_word' id='word_1_125' title='bbox 598 2171 793 2245; x_wconf 88' lang='lat' dir='ltr'>dorsodum</span> <span class='ocrx_word' id='word_1_126' title='bbox 811 2182 928 2265; x_wconf 87' lang='lat' dir='ltr'>pendet</span> <span class='ocrx_word' id='word_1_127' title='bbox 951 2183 1074 2270; x_wconf 90' lang='lat' dir='ltr'>iniquo,</span> 
     </span>
     <span class='ocr_line' id='line_1_21' title="bbox 199 2277 955 2364; baseline -0.004 -19"><span class='ocrx_word' id='word_1_128' title='bbox 199 2303 313 2364; x_wconf 88' lang='lat' dir='ltr'>anceps</span> <span class='ocrx_word' id='word_1_129' title='bbox 338 2283 517 2344; x_wconf 88' lang='lat' dir='ltr'>sustentata</span> <span class='ocrx_word' id='word_1_130' title='bbox 540 2278 603 2363; x_wconf 90' lang='lat' dir='ltr'>diu,</span> <span class='ocrx_word' id='word_1_131' title='bbox 625 2277 806 2362; x_wconf 89' lang='lat' dir='ltr'>fluctusque</span> <span class='ocrx_word' id='word_1_132' title='bbox 828 2279 955 2364; x_wconf 86' lang='lat' dir='ltr'>fatigat,</span> 
     </span>
     <span class='ocr_line' id='line_1_22' title="bbox 199 2375 1204 2461; baseline 0.003 -19"><span class='ocrx_word' id='word_1_133' title='bbox 199 2379 335 2442; x_wconf 90' lang='lat' dir='ltr'>solvitur</span> <span class='ocrx_word' id='word_1_134' title='bbox 358 2381 454 2460; x_wconf 86' lang='lat' dir='ltr'>atque</span> <span class='ocrx_word' id='word_1_135' title='bbox 477 2376 563 2440; x_wconf 88' lang='lat' dir='ltr'>viros</span> <span class='ocrx_word' id='word_1_136' title='bbox 585 2375 699 2440; x_wconf 90' lang='lat' dir='ltr'>mediis</span> <span class='ocrx_word' id='word_1_137' title='bbox 722 2375 854 2459; x_wconf 85' lang='lat' dir='ltr'>exponit</span> <span class='ocrx_word' id='word_1_138' title='bbox 876 2376 911 2440; x_wconf 92' lang='lat' dir='ltr'>in</span> <span class='ocrx_word' id='word_1_139' title='bbox 933 2377 1041 2461; x_wconf 90' lang='lat' dir='ltr'>undis;</span> <span class='ocrx_word' id='word_1_140' title='bbox 1157 2397 1204 2445; x_wconf 76' lang='lat'>305</span> 
     </span>
     <span class='ocr_line' id='line_1_23' title="bbox 198 2472 1047 2560; baseline -0.001 -22"><span class='ocrx_word' id='word_1_141' title='bbox 198 2475 357 2560; x_wconf 85' lang='lat' dir='ltr'>fragmina</span> <span class='ocrx_word' id='word_1_142' title='bbox 379 2494 541 2536; x_wconf 91' lang='lat' dir='ltr'>remorum</span> <span class='ocrx_word' id='word_1_143' title='bbox 564 2493 644 2555; x_wconf 92' lang='lat' dir='ltr'>quos</span> <span class='ocrx_word' id='word_1_144' title='bbox 668 2477 700 2536; x_wconf 88' lang='lat' dir='ltr'>et</span> <span class='ocrx_word' id='word_1_145' title='bbox 723 2472 885 2536; x_wconf 88' lang='lat' dir='ltr'>fluitantia</span> <span class='ocrx_word' id='word_1_146' title='bbox 905 2477 1047 2537; x_wconf 87' lang='lat' dir='ltr'>transtra</span> 
     </span>
     <span class='ocr_line' id='line_1_24' title="bbox 198 2568 1149 2656; baseline 0.001 -21"><span class='ocrx_word' id='word_1_147' title='bbox 198 2572 386 2656; x_wconf 90' lang='lat' dir='ltr'>impediunt,</span> <span class='ocrx_word' id='word_1_148' title='bbox 408 2569 607 2652; x_wconf 89' lang='lat' dir='ltr'>retrahitque</span> <span class='ocrx_word' id='word_1_149' title='bbox 630 2568 743 2652; x_wconf 88' lang='lat' dir='ltr'>pedem</span> <span class='ocrx_word' id='word_1_150' title='bbox 767 2570 862 2633; x_wconf 91' lang='lat' dir='ltr'>simul</span> <span class='ocrx_word' id='word_1_151' title='bbox 885 2570 970 2634; x_wconf 89' lang='lat' dir='ltr'>unda</span> <span class='ocrx_word' id='word_1_152' title='bbox 992 2570 1149 2636; x_wconf 81' lang='lat' dir='ltr'>relabens</span> 
     </span>
    </p>
   </div>
   <div class='ocr_carea' id='block_1_3' title="bbox 197 2763 1206 3625">
    <p class='ocr_par' dir='ltr' id='par_1_4' title="bbox 197 2763 1206 3625">
     <span class='ocr_line' id='line_1_25' title="bbox 242 2763 1151 2851; baseline 0.002 -23"><span class='ocrx_word' id='word_1_153' title='bbox 242 2763 309 2828; x_wconf 90' lang='lat' dir='ltr'>Nec</span> <span class='ocrx_word' id='word_1_154' title='bbox 332 2764 477 2828; x_wconf 89' lang='lat' dir='ltr'>Turnum</span> <span class='ocrx_word' id='word_1_155' title='bbox 500 2764 607 2846; x_wconf 89' lang='lat' dir='ltr'>segnis</span> <span class='ocrx_word' id='word_1_156' title='bbox 630 2763 748 2828; x_wconf 84' lang='lat' dir='ltr'>retinet</span> <span class='ocrx_word' id='word_1_157' title='bbox 770 2785 870 2851; x_wconf 89' lang='lat' dir='ltr'>mora,</span> <span class='ocrx_word' id='word_1_158' title='bbox 893 2764 948 2828; x_wconf 88' lang='lat' dir='ltr'>sed</span> <span class='ocrx_word' id='word_1_159' title='bbox 970 2766 1056 2848; x_wconf 88' lang='lat' dir='ltr'>rapit</span> <span class='ocrx_word' id='word_1_160' title='bbox 1079 2788 1151 2830; x_wconf 85' lang='lat' dir='ltr'>acer</span> 
     </span>
     <span class='ocr_line' id='line_1_26' title="bbox 198 2859 1129 2926; baseline 0.001 -2"><span class='ocrx_word' id='word_1_161' title='bbox 198 2865 301 2924; x_wconf 85' lang='lat' dir='ltr'>totam</span> <span class='ocrx_word' id='word_1_162' title='bbox 325 2861 424 2924; x_wconf 89' lang='lat' dir='ltr'>aciem</span> <span class='ocrx_word' id='word_1_163' title='bbox 447 2859 481 2922; x_wconf 94' lang='lat' dir='ltr'>in</span> <span class='ocrx_word' id='word_1_164' title='bbox 505 2859 643 2924; x_wconf 91' lang='lat' dir='ltr'>Teucros</span> <span class='ocrx_word' id='word_1_165' title='bbox 667 2865 699 2924; x_wconf 90' lang='lat' dir='ltr'>et</span> <span class='ocrx_word' id='word_1_166' title='bbox 722 2864 833 2924; x_wconf 89' lang='lat' dir='ltr'>contra</span> <span class='ocrx_word' id='word_1_167' title='bbox 855 2861 890 2923; x_wconf 93' lang='lat' dir='ltr'>in</span> <span class='ocrx_word' id='word_1_168' title='bbox 912 2860 1008 2925; x_wconf 89' lang='lat' dir='ltr'>litore</span> <span class='ocrx_word' id='word_1_169' title='bbox 1031 2861 1129 2926; x_wconf 89' lang='lat' dir='ltr'>sistit.</span> 
     </span>
     <span class='ocr_line' id='line_1_27' title="bbox 199 2956 1205 3042; baseline 0.003 -20"><span class='ocrx_word' id='word_1_170' title='bbox 199 2959 291 3042; x_wconf 88' lang='lat' dir='ltr'>signa</span> <span class='ocrx_word' id='word_1_171' title='bbox 314 2961 439 3022; x_wconf 90' lang='lat' dir='ltr'>canunt.</span> <span class='ocrx_word' id='word_1_172' title='bbox 486 2958 609 3040; x_wconf 90' lang='lat' dir='ltr'>primus</span> <span class='ocrx_word' id='word_1_173' title='bbox 633 2962 756 3020; x_wconf 84' lang='lat' dir='ltr'>turmas</span> <span class='ocrx_word' id='word_1_174' title='bbox 779 2956 899 3020; x_wconf 87' lang='lat' dir='ltr'>invasit</span> <span class='ocrx_word' id='word_1_175' title='bbox 923 2958 1059 3041; x_wconf 88' lang='lat' dir='ltr'>agrestis</span> <span class='ocrx_word' id='word_1_176' title='bbox 1157 2977 1205 3026; x_wconf 82' lang='lat'>310</span> 
     </span>
     <span class='ocr_line' id='line_1_28' title="bbox 198 3052 964 3140; baseline -0.001 -22"><span class='ocrx_word' id='word_1_177' title='bbox 198 3055 332 3140; x_wconf 88' lang='lat' dir='ltr'>Aeneas,</span> <span class='ocrx_word' id='word_1_178' title='bbox 355 3076 449 3118; x_wconf 90' lang='lat' dir='ltr'>omen</span> <span class='ocrx_word' id='word_1_179' title='bbox 471 3075 607 3138; x_wconf 85' lang='lat' dir='ltr'>pugnae,</span> <span class='ocrx_word' id='word_1_180' title='bbox 630 3054 808 3134; x_wconf 86' lang='lat' dir='ltr'>stravitque</span> <span class='ocrx_word' id='word_1_181' title='bbox 831 3052 964 3117; x_wconf 87' lang='lat' dir='ltr'>Latinos</span> 
     </span>
     <span class='ocr_line' id='line_1_29' title="bbox 199 3150 981 3236; baseline -0.001 -22"><span class='ocrx_word' id='word_1_182' title='bbox 199 3151 303 3215; x_wconf 89' lang='lat' dir='ltr'>occiso</span> <span class='ocrx_word' id='word_1_183' title='bbox 327 3151 483 3236; x_wconf 87' lang='lat' dir='ltr'>Therone,</span> <span class='ocrx_word' id='word_1_184' title='bbox 505 3153 612 3215; x_wconf 85' lang='lat' dir='ltr'>virum</span> <span class='ocrx_word' id='word_1_185' title='bbox 636 3152 691 3235; x_wconf 88' lang='lat' dir='ltr'>qui</span> <span class='ocrx_word' id='word_1_186' title='bbox 713 3151 870 3214; x_wconf 89' lang='lat' dir='ltr'>maximus</span> <span class='ocrx_word' id='word_1_187' title='bbox 894 3150 981 3214; x_wconf 91' lang='lat' dir='ltr'>ultro</span> 
     </span>
     <span class='ocr_line' id='line_1_30' title="bbox 197 3246 1039 3333; baseline 0.001 -22"><span class='ocrx_word' id='word_1_188' title='bbox 197 3247 328 3311; x_wconf 87' lang='lat' dir='ltr'>Aenean</span> <span class='ocrx_word' id='word_1_189' title='bbox 350 3247 447 3330; x_wconf 89' lang='lat' dir='ltr'>petit:</span> <span class='ocrx_word' id='word_1_190' title='bbox 471 3247 546 3310; x_wconf 91' lang='lat' dir='ltr'>huic</span> <span class='ocrx_word' id='word_1_191' title='bbox 569 3246 676 3331; x_wconf 90' lang='lat' dir='ltr'>gladio</span> <span class='ocrx_word' id='word_1_192' title='bbox 699 3269 818 3332; x_wconf 90' lang='lat' dir='ltr'>perque</span> <span class='ocrx_word' id='word_1_193' title='bbox 842 3271 933 3312; x_wconf 89' lang='lat' dir='ltr'>aerea</span> <span class='ocrx_word' id='word_1_194' title='bbox 956 3252 1039 3333; x_wconf 86' lang='lat' dir='ltr'>suta,</span> 
     </span>
     <span class='ocr_line' id='line_1_31' title="bbox 197 3344 1163 3428; baseline 0 -18"><span class='ocrx_word' id='word_1_195' title='bbox 197 3367 254 3428; x_wconf 92' lang='lat' dir='ltr'>per</span> <span class='ocrx_word' id='word_1_196' title='bbox 277 3344 419 3408; x_wconf 90' lang='lat' dir='ltr'>tunicam</span> <span class='ocrx_word' id='word_1_197' title='bbox 442 3345 642 3428; x_wconf 85' lang='lat' dir='ltr'>squalentem</span> <span class='ocrx_word' id='word_1_198' title='bbox 667 3367 744 3408; x_wconf 90' lang='lat' dir='ltr'>auro</span> <span class='ocrx_word' id='word_1_199' title='bbox 768 3345 852 3408; x_wconf 85' lang='lat' dir='ltr'>latus</span> <span class='ocrx_word' id='word_1_200' title='bbox 876 3345 986 3409; x_wconf 86' lang='lat' dir='ltr'>haurit</span> <span class='ocrx_word' id='word_1_201' title='bbox 1008 3349 1163 3427; x_wconf 85' lang='lat' dir='ltr'>apertum.</span> 
     </span>
     <span class='ocr_line' id='line_1_32' title="bbox 198 3441 1206 3527; baseline 0 -20"><span class='ocrx_word' id='word_1_202' title='bbox 198 3443 271 3507; x_wconf 90' lang='lat' dir='ltr'>inde</span> <span class='ocrx_word' id='word_1_203' title='bbox 294 3441 415 3504; x_wconf 86' lang='lat' dir='ltr'>Lichan</span> <span class='ocrx_word' id='word_1_204' title='bbox 438 3442 521 3527; x_wconf 83' lang='lat' dir='ltr'>ferit,</span> <span class='ocrx_word' id='word_1_205' title='bbox 545 3445 707 3505; x_wconf 88' lang='lat' dir='ltr'>exsectum</span> <span class='ocrx_word' id='word_1_206' title='bbox 729 3443 793 3506; x_wconf 85' lang='lat' dir='ltr'>iam</span> <span class='ocrx_word' id='word_1_207' title='bbox 815 3447 917 3506; x_wconf 86' lang='lat' dir='ltr'>matre</span> <span class='ocrx_word' id='word_1_208' title='bbox 940 3447 1106 3527; x_wconf 86' lang='lat' dir='ltr'>perempta</span> <span class='ocrx_word' id='word_1_209' title='bbox 1157 3463 1206 3513; x_wconf 77' lang='lat'>315</span> 
     </span>
     <span class='ocr_line' id='line_1_33' title="bbox 198 3537 1018 3625; baseline -0.002 -19"><span class='ocrx_word' id='word_1_210' title='bbox 198 3545 230 3606; x_wconf 92' lang='lat' dir='ltr'>et</span> <span class='ocrx_word' id='word_1_211' title='bbox 254 3539 325 3625; x_wconf 86' lang='lat' dir='ltr'>tibi,</span> <span class='ocrx_word' id='word_1_212' title='bbox 347 3537 485 3624; x_wconf 85' lang='lat' dir='ltr'>Phoebe,</span> <span class='ocrx_word' id='word_1_213' title='bbox 509 3560 647 3602; x_wconf 89' lang='lat' dir='ltr'>sacrum:</span> <span class='ocrx_word' id='word_1_214' title='bbox 671 3560 762 3604; x_wconf 88' lang='lat' dir='ltr'>casus</span> <span class='ocrx_word' id='word_1_215' title='bbox 787 3539 918 3604; x_wconf 86' lang='lat' dir='ltr'>evadere</span> <span class='ocrx_word' id='word_1_216' title='bbox 940 3541 1018 3604; x_wconf 87' lang='lat' dir='ltr'>ferri</span> 
     </span>
    </p>
   </div>
   <div class='ocr_carea' id='block_1_4' title="bbox 0 0 1265 3966">
    <p class='ocr_par' dir='ltr' id='par_1_5' title="bbox 0 0 1265 3966">
     <span class='ocr_line' id='line_1_34' title="bbox 0 0 1265 3966; baseline 0 0"><span class='ocrx_word' id='word_1_217' title='bbox 0 0 1265 3966; x_wconf 95' lang='lat' dir='ltr'> </span> 
     </span>
    </p>
   </div>
  </div>
 </body>
</html>
