2514 3966
206 255 272 319 334
538 253 686 310 VERGILI
704 253 836 308 AENElS
855 255 880 310 X

205 419 272 480 tres
298 439 425 501 quoquc
447 416 612 480 Threicios
635 415 757 480 Boreae
780 416 818 480 de
841 419 936 501 gente
960 440 1109 501 suprema
1164 435 1212 481 aso

206 517 239 577 et
262 514 332 600 tris,
356 536 436 598 quos
459 513 533 578 Idas
557 517 648 597 pater
672 516 704 577 et
726 514 832 596 patria
854 513 977 578 Ismara
999 515 1112 598 mittit,
1240 510 1241 530 ¹

205 631 263 692 per
285 611 392 673 varios
416 609 532 673 sternit
555 631 655 674 casus.
702 610 839 674 accurrit
862 609 1021 674 Halaesus

206 706 439 790 Auruncaeque
461 727 585 792 manus,
608 705 698 768 subit
721 710 753 769 et
775 705 941 790 Neptunia
962 708 1082 794 proles,

205 804 344 888 insignis
367 803 535 887 Messapus
558 803 657 886 equis.
705 803 862 886 expellere
884 806 1021 870 tendunt

205 922 291 965 nunc
311 901 357 988 hi,
377 922 463 965 nunc
484 901 547 985 ffli3
570 904 711 964 certatur
733 899 843 965 limine
866 901 995 985 inipso
1165 918 1211 965 aaa

206 997 376 1062 Ausoniae.
422 1019 539 1082 magno
563 996 723 1061 discordes
748 997 875 1061 aethere
898 998 986 1062 venti

206 1095 327 1178 proelia
350 1117 407 1160 ceu
430 1095 551 1159 tollunt
575 1093 690 1159 animis
714 1097 746 1157 et
768 1094 892 1158 viribus
916 1095 1026 1178 aequis

207 1190 289 1278 (non
310 1192 374 1276 ipsi
396 1192 482 1256 inter
506 1214 549 1278 se,
570 1213 637 1256 non
658 1191 781 1277 nubila,
802 1213 869 1257 non
890 1214 978 1257 mare
1001 1194 1098 1277 cedit,

207 1311 322 1373 anceps
345 1311 455 1375 pugna
478 1289 543 1374 diu,
565 1293 654 1353 stant
678 1287 796 1351 obnixa
819 1289 927 1352 omnia
950 1288 1090 1376 contra):

205 1386 286 1450 haut
309 1387 403 1452 aliter
425 1387 582 1451 Troianae
606 1385 687 1449 acies
712 1385 858 1468 aciesque
880 1383 1014 1449 Latinae
1164 1403 1210 1450 auo
1243 1390 1244 1426 ἢ

207 1487 415 1567 concurramt3
438 1482 548 1546 haeret
570 1481 650 1564 pede
671 1503 728 1565 pes
753 1481 933 1564 densusque
955 1483 1025 1546 viro
1049 1484 1106 1548 vir.

251 1579 297 1642 At
319 1584 411 1662 parte
434 1601 473 1643 ex
496 1579 568 1665 alia,
592 1601 655 1662 qua
679 1600 756 1642 saxa
778 1580 920 1643 rotantia
940 1579 1005 1642 late

207 1677 379 1760 impulerat
401 1680 528 1741 torrens
552 1676 747 1759 arbustaque
770 1674 876 1738 diruta
898 1675 988 1760 ripis,

207 1773 348 1837 Arcadas
371 1773 516 1837 insuetos
540 1772 622 1837 acies
645 1773 764 1836 inferre
787 1771 943 1854 pedestris
1052 1769 1054 1772 ’

208 1876 245 1935 ut
267 1871 349 1935 vidit
370 1870 478 1935 Pallas
500 1869 595 1935 Latio
618 1870 692 1934 dare
715 1873 807 1953 terga
831 1870 958 1953 sequaci
1162 1887 1206 1936 365

118 2021 124 2034 .
209 1967 336 2055 (aspera
359 1969 432 2053 quis
454 1972 572 2032 natura
593 1968 657 2031 loci
679 1967 842 2030 dimittere
865 1967 991 2050 quando

209 2065 311 2130 suasit
334 2063 459 2152 equos),
481 2087 582 2128 unum
605 2064 691 2146 quod
713 2063 810 2128 rebus
833 2068 935 2128 restat
957 2065 1078 2151 egenis,

209 2185 293 2228 nunc
315 2185 416 2249 prece,
437 2184 523 2226 nunc
545 2161 640 2226 dictis
663 2161 819 2226 virtutem
842 2161 984 2226 accendit
1007 2163 1135 2228 amaris:

210 2263 285 2345 ‘quo
309 2260 432 2344 fugitis,
456 2257 555 2323 socii?
578 2279 636 2342 per
658 2279 716 2324 vos
740 2262 773 2321 et
795 2259 893 2322 fortia
915 2259 1009 2345 facta,

209 2381 266 2442 per
288 2358 377 2421 ducis
399 2356 544 2421 Euandri
566 2377 685 2419 nomen
707 2355 893 2438 deuotoque
916 2355 1002 2419 bella
1161 2373 1204 2421 aro

210 2477 362 2539 spemque
383 2475 497 2536 meam,
518 2452 641 2537 patriae
665 2473 746 2535 quae
764 2472 849 2514 nunc
867 2451 956 2514 subit
977 2453 1100 2517 aemula
1121 2453 1205 2536 laudi,

209 2552 298 2615 fidite
319 2571 361 2614 ne
383 2549 526 2633 pedibus.
568 2549 652 2613 ferro
676 2548 852 2632 rumpenda
875 2570 931 2630 per
954 2547 1059 2612 hostis

210 2652 259 2713 est
281 2649 341 2711 via.
388 2669 452 2731 qua
475 2646 590 2731 globus
613 2646 669 2709 ille
691 2647 797 2710 virum
819 2645 1028 2710 densissimus
1052 2652 1150 2732 urget,

210 2747 270 2809 hac
292 2767 351 2809 vos
374 2749 406 2809 et
428 2743 577 2808 Pallanta
599 2743 710 2807 ducem
733 2743 838 2826 patria
861 2743 927 2806 alta
949 2744 1097 2826 reposcit.

209 2842 343 2905 numina
364 2841 455 2904 nulla
477 2843 637 2925 premunt,
658 2840 789 2904 mortali
811 2861 963 2924 urgemur
986 2840 1028 2906 ab
1050 2841 1140 2906 hoste
1161 2857 1203 2906 ³75

210 2939 372 3022 mortales,
394 2937 530 3002 totidem
551 2936 647 3000 nobis
671 2938 856 3020 animaeque
878 2959 1064 3021 manusque.

211 3057 290 3122 ecce,
311 3036 409 3098 maris
432 3055 549 3119 magna
572 3035 692 3098 claudit
713 3057 774 3099 nos
798 3035 888 3099 obice
910 3039 1041 3120 pontus,

211 3135 282 3198 dest
304 3133 369 3196 iam
392 3136 478 3196 terra
500 3133 610 3217 fugae:
632 3131 766 3216 pelagus
790 3132 960 3197 Troiamne
982 3134 1154 3217 petemus?'

210 3231 288 3294 haec
312 3229 359 3292 ait
380 3233 413 3293 et
435 3229 558 3293 medius
581 3229 696 3292 densos
720 3229 902 3312 prorumpit
924 3229 959 3292 in
981 3229 1094 3294 hostis.

211 3327 327 3391 obvius
349 3325 425 3390 huic
446 3327 595 3411 primum,
617 3326 693 3389 fatis
717 3325 871 3389 adductus
895 3327 1026 3413 iniquis,
1161 3344 1203 3393 880

210 3425 249 3488 fit
271 3421 388 3506 Lagus.
433 3420 527 3506 hunc,
549 3442 666 3506 magno
689 3423 780 3486 vellit
802 3422 878 3486 dum
901 3424 1040 3507 pondere
1063 3447 1176 3511 saxum,

210 3522 334 3585 intorto
358 3517 431 3602 figit
453 3518 530 3604 telo,
552 3518 735 3582 discrimina
759 3521 857 3584 costis
