2574 3964
188 240 253 303 104
531 236 678 292 VERGILI
697 235 831 290 AENEIS
850 237 862 289 l

187 400 385 485 prospiciens
410 401 536 485 genitor
560 399 710 482 caeloque
732 399 877 462 invectus
901 402 1011 482 aperto
1147 415 1196 462 155

187 496 289 561 flectit
312 518 410 580 equos
435 518 592 581 curruque
614 496 727 560 volans
750 496 805 560 dat
828 496 898 558 lora
921 495 1068 558 secundo,

232 593 358 658 Defessi
380 593 545 658 Aeneadae
570 615 650 676 quae
673 593 820 676 proxima
842 592 940 656 litora
962 614 1058 657 cursu

188 691 384 755 contendunt
407 695 514 775 petere
537 694 569 754 et
592 689 714 771 Libyae
736 694 907 755 vertuntur
930 689 970 753 ad
994 711 1075 753 oras.

189 787 296 852 estin
319 810 445 852 secessu
466 788 565 872 longo
588 787 691 851 loeus:
715 785 821 850 insule
843 789 975 868 portum

138 949 141 954 ,
189 884 287 948 efficit
311 885 440 949 obiectu
462 884 616 969 laterum,
639 883 757 965 quibus
782 882 885 946 omnis
910 883 949 947 ab
974 883 1039 947 alto
1149 901 1198 948 100

188 980 350 1064 frangitur
372 981 470 1064 inque
493 980 582 1043 sinus
607 979 723 1042 scindit
747 1000 816 1042 sese
838 980 924 1043 unda
946 981 1105 1044 reductos.

188 1076 264 1140 hinc
288 1081 384 1161 atque
407 1078 482 1141 hinc
504 1080 614 1141 vastae
637 1097 732 1158 rupes
757 1077 939 1160 geminique
963 1077 1130 1141 minantur

189 1175 225 1238 in
248 1175 370 1239 caelum
393 1175 530 1259 scopuli,
553 1196 690 1257 quorum
714 1174 773 1237 sub
797 1173 915 1237 vertice
937 1173 1002 1237 late

191 1275 424 1356 0091101οι1010
447 1271 556 1354 silent3
579 1274 650 1334 tum
673 1269 762 1334 silvis
787 1292 899 1334 scaena
921 1271 1062 1334 coruscis

191 1369 327 1452 desuper
344 1369 553 1451 horrentique
572 1371 678 1431 atrum
696 1389 807 1431 nemus
826 1367 972 1431 imminet
990 1368 1118 1452 umbra3
1153 1385 1201 1434 100

191 1466 298 1530 fronte
322 1465 382 1530 sub
404 1466 537 1530 adversa
561 1465 700 1548 scopulis
724 1466 935 1548 pendentibus
959 1469 1104 1551 antrum,

192 1563 280 1627 intus
305 1585 405 1646 aquae
427 1562 534 1627 dulces
557 1562 694 1644 vivoque
718 1561 829 1626 sedilia
852 1583 943 1645 0010,

191 1659 406 1743 nympharum
429 1659 550 1723 domus.
595 1658 648 1722 hic
669 1659 770 1722 fessas
792 1679 859 1722 non
881 1658 1007 1722 vincula
1029 1659 1124 1722 navis

193 1756 259 1820 ulla
281 1760 406 1843 tenent,
427 1778 509 1820 unco
531 1777 599 1820 non
621 1755 734 1840 alligat
757 1754 895 1818 anchora
917 1776 1035 1818 morsu.

192 1854 256 1917 huc
279 1858 401 1937 septem
423 1851 547 1917 Aeneas
571 1853 713 1916 collectis
736 1851 872 1916 navibus
896 1851 982 1916 omni
1153 1870 1205 1920 110

194 1973 233 2014 ex
254 1973 387 2015 numero
412 1950 516 2034 subit3
539 1972 575 2014 ac
597 1970 713 2034 magno
738 1947 863 2012 telluris
888 1968 994 2010 amore

116 2070 133 2106 ι’
194 2048 316 2133 egressi
340 2051 451 2131 optata
473 2047 644 2130 potiuntur
666 2045 765 2110 Troes
787 2045 907 2108 harena

195 2150 226 2209 et
250 2145 315 2209 sale
338 2144 479 2208 tabentis
504 2147 593 2206 artus
616 2143 652 2208 in
672 2143 768 2206 litore
791 2144 924 2224 ponunt.

195 2264 230 2307 ac
253 2243 392 2326 primum
416 2241 498 2305 silici
522 2240 695 2304 scintillam
718 2239 845 2303 excudit
867 2237 1006 2301 Achates

196 2340 399 2424 succepitque
423 2339 531 2423 ignem
553 2337 641 2401 foliis
665 2341 761 2421 atque
785 2335 872 2398 arida
896 2335 1014 2399 circum
1157 2355 1207 2402 175

195 2438 393 2502 nutrimenta
416 2435 502 2498 dedit
525 2433 696 2517 rapuitque
718 2433 754 2496 in
775 2433 888 2496 fomite
911 2431 1080 2496 flammam.

195 2540 266 2600 tum
289 2555 426 2598 cererem
449 2535 633 2614 corruptam
656 2530 749 2594 undis
772 2529 967 2612 cerealiaque
990 2552 1080 2593 011110

197 2632 368 2716 expediunt
391 2630 469 2694 fessi
487 2651 609 2712 rerum,
630 2627 802 2711 frugesque
824 2630 967 2708 receptas
1019 2676 1021 2680 .

197 2735 230 2793 et
252 2733 374 2794 torrere
397 2725 512 2810 parant
535 2725 671 2788 flammis
696 2728 728 2788 et
750 2725 897 2808 frangere
921 2745 1006 2788 saxo,

241 2824 365 2890 Aeneas
390 2823 557 2907 scopulum
578 2823 701 2886 interea
724 2821 906 2885 conscendit
930 2824 962 2884 et
986 2843 1113 2886 omnem
1159 2841 1210 2890 180

197 2926 403 3008 prospectum
424 2922 490 2984 1010
512 2920 626 3004 pelago
650 2919 746 3003 petit,
768 2917 897 2982 Anthea
921 2918 1045 3002 siquem

197 3022 352 3085 iactatum
375 3022 471 3082 vento
494 3017 600 3082 videat
622 3015 845 3100 Phrygiasque
868 3015 998 3079 biremis

199 3122 254 3182 aut
278 3115 391 3200 Capyn
414 3119 469 3178 aut
493 3114 584 3178 celsis
608 3113 643 3175 in
665 3113 828 3196 puppibus
852 3136 940 3176 arma
963 3110 1057 3176 Caici.

198 3236 312 3278 navem
334 3214 370 3276 in
392 3215 564 3294 conspectu
586 3210 725 3294 nullam,
747 3210 807 3274 tris
830 3211 926 3274 litore
949 3230 1058 3274 cervos

198 3310 355 3396 prospicit
379 3309 530 3392 errantis3
552 3307 613 3371 hos
636 3311 707 3370 tota
728 3311 874 3370 armenta
897 3309 1047 3370 secuntur
1162 3324 1211 3372 185

200 3433 218 3472 a
240 3412 347 3492 tergo,
370 3409 401 3468 et
423 3405 558 3488 longum
579 3426 636 3487 per
659 3403 753 3467 vallis
777 3403 919 3486 pascitur
942 3423 1064 3487 agmen.

200 3504 347 3570 constitit
368 3501 436 3587 hic,
459 3523 629 3584 arcumque
651 3522 749 3564 manu
772 3500 945 3583 celerisque
969 3499 1107 3583 sagittas
