2552 3958
379 257 526 312 vanem
544 245 743 314 nonoea'vr
1024 255 1063 320 17

62 421 178 504 iamque
198 442 319 485 novom
341 426 447 485 terrae
470 423 621 504 stupeant
644 419 802 484 lucescere
826 420 938 506 solem,

64 518 147 581 altius
170 513 270 601 ritqne
293 519 408 582 cadant
432 518 602 582 summotis
625 517 768 581 nubibus
792 516 926 602 imbres3

64 649 205 733 incipiant
229 651 328 714 silvae
351 672 424 714 cum
446 650 588 733 primum
612 669 757 734 surgere,
780 670 915 733 cumque

65 770 122 811 rara
143 769 202 830 per
223 748 355 832 ignaros
380 751 487 811 errent
514 747 666 810 animalia
688 745 816 809 montis.
1031 761 1065 810 40

64 844 125 907 hine
146 844 269 927 lapides
291 843 434 927 Pyrrhae
456 843 574 930 iactos,
598 841 752 907 Saturnia
773 863 874 926 regna

66 939 291 1025 Caucaseasque
313 941 410 1004 refert
433 940 579 1005 volucres
603 942 791 1022 furtumque
813 937 1006 1004 Promethei.

65 1073 115 1137 llis
137 1073 297 1160 adiungit,
318 1071 429 1155 Hylan
450 1075 569 1136 nautae
592 1093 657 1155 quo
681 1071 771 1134 fonte
794 1070 941 1134 relictum

66 1171 256 1256 clamassent,
278 1173 316 1237 ut
338 1169 418 1233 litus
441 1168 541 1252 ‘Hyla
563 1167 663 1254 Hyla'
687 1189 780 1232 omne
804 1170 946 1252 sonaret;

66 1298 92 1358 et
111 1293 319 1378 fortunatam,
343 1293 371 1356 si
392 1313 571 1376 numquam
593 1295 740 1356 armenta
762 1291 913 1376 fuissent,
1031 1307 1065 1354 41

66 1389 232 1474 Pasiphaen
252 1390 340 1454 nivei
362 1389 487 1454 solatur
510 1409 620 1452 amore
643 1385 777 1452 iuvenci.

67 1575 197 1660 Avirgo
219 1575 347 1661 infelix,
370 1596 453 1659 quae
477 1577 510 1638 te
533 1573 692 1637 dementia
714 1573 813 1656 cepit!

66 1671 216 1737 Proetides
239 1673 415 1756 implenmt
437 1671 528 1735 falsis
551 1669 731 1755 mugitibus
755 1689 865 1756 agros,

69 1774 96 1834 at
114 1793 176 1835 non
197 1775 266 1834 tam
287 1770 394 1854 turpis
417 1768 575 1852 pecudum
598 1771 707 1830 tamen
728 1766 797 1829 nlla
819 1767 928 1830 secuta

69 1868 256 1953 concubitus,
279 1867 425 1951 quamvis
448 1866 531 1930 collo
554 1863 717 1928 timuisset
740 1867 898 1948 aratrum,
1031 1879 1065 1928 oo

69 1969 96 2028 ct
115 1987 202 2048 saepe
224 1965 260 2028 in
281 1965 345 2028 levi
369 1963 713 2052 quaesissentcornua
735 1959 850 2024 fronte.

70 2111 85 2151 a
103 2088 188 2173 virgo
210 2088 337 2172 infelix,
359 2091 397 2150 tu
418 2107 504 2149 nnnc
526 2086 562 2148 in
583 2083 749 2148 montibus
773 2105 876 2148 errae:
1092 2129 1097 2199 Ι

69 2185 116 2248 ille
133 2185 216 2249 latus
238 2185 369 2248 niveum
390 2183 482 2246 molli
505 2183 611 2246 fultus
632 2180 809 2264 hyacintho

69 2282 130 2346 ilice
149 2283 208 2346 sub
229 2281 325 2365 nigra
346 2279 497 2364 pallentis
519 2279 665 2342 ruminat
686 2277 818 2363 herbae,

71 2383 117 2442 aut
133 2379 269 2462 aliquam
290 2379 325 2441 in
349 2397 466 2461 magno
489 2376 636 2459 seqnitur
655 2395 761 2460 grege.
794 2373 953 2462 ‘clandite,
976 2395 1065 2458 nym·

72 2569 203 2637 Dictaeae
224 2571 399 2656 nymphae,
418 2591 587 2633 nemorum
608 2571 674 2633 iam
695 2569 833 2633 claudite
851 2472 978 2656 idida,
1030 2487 1065 2536 ω

73 2694 149 2778 siqua
168 2697 253 2760 forte
274 2696 381 2758 ferant
403 2692 505 2756 oculis
528 2714 598 2756 sese
620 2692 716 2757 obvia
737 2691 860 2756 nostris

72 2793 232 2856 errabunda
254 2791 348 2856 bovis
370 2789 522 2874 vestigi23
543 2789 684 2853 forsitan
704 2789 799 2853 illum

72 2919 117 2978 aut
135 2915 231 2980 herba
253 2919 384 2998 captum
404 2913 500 2976 viridi
522 2919 580 2976 aut
602 2917 748 2978 armenta
771 2919 917 2980 secutum

71 3012 227 3092 perducant
249 3012 376 3096 aliquae
398 3010 527 3074 stabula
548 3009 589 3073 ad
611 3006 770 3092 Gortynia
790 3009 924 3074 vaccae)
1032 3025 1067 3076 to

70 3193 139 3262 Tum
158 3200 244 3263 canit
266 3196 480 3280 Hesperidmn
501 3195 650 3258 miratam
672 3194 757 3258 mala
774 3196 927 3278 puellam}

69 3295 127 3358 tum
145 3294 415 3360 Phaethontiadas
436 3314 547 3356 musco
568 3292 743 3356 mcumdat
766 3313 894 3358 amarae

69 3393 181 3457 corticis
203 3399 301 3476 atque
323 3391 395 3455 solo
416 3411 565 3473 procmas
588 3390 684 3473 erigit
708 3389 809 3452 alara,

68 3511 138 3580 Tum
158 3519 257 3603 canit,
278 3519 438 3580 mentun
458 3512 616 3576 Permessi
641 3513 681 3577 acl
703 3512 836 3576 tlurniua
860 3509 989 3575 (initam

114 3630 227 3684 nnucx,
241 3630 333 3678 Vergil.
888 3619 905 3666 2
