2530 3960
435 283 680 340 CATALEPTON.

105 467 204 509 aurea
224 467 308 509 nuno
332 445 435 527 rapidi
457 444 590 510 flumina
613 445 699 508 adire
723 444 826 530 Tagi?

60 564 146 605 nunc
169 541 266 605 311311
289 563 327 604 ex
351 541 415 603 alia
438 541 585 604 bellando
610 562 760 623 quaerere
783 545 920 625 gentem,

104 639 231 702 vincere
254 641 285 701 et
310 636 426 701 Oceani
449 638 568 702 finibus
591 637 748 702 ulterius?
921 719 923 724 Ι

60 759 127 800 non
140 741 288 798 nostrum
302 738 351 798 331
361 739 478 819 131133,
487 757 562 819 131,
572 735 711 820 inquam,
726 735 894 820 attingere,
906 733 1026 816 laudea,
1038 749 1071 798 55

105 832 186 916 quin
208 833 311 895 ausim
333 832 394 896 hoc
418 833 514 896 etiam
536 832 648 917 dicere,
671 831 724 894 vix
747 830 914 895 hominum
937 835 998 894 est:

59 931 132 1013 ipsa
153 928 242 1012 haec,
263 929 335 1010 ipsa
357 929 461 991 ferent
483 951 590 992 1311111
613 931 819 992 monumenta
841 950 898 1011 per
922 927 1041 1011 orbem,

105 1028 176 1110 ipsa
200 1025 262 1089 sibi
286 1025 449 1112 egregium
471 1026 555 1090 facta
578 1027 672 1089 decus
696 1025 836 1108 parient,

60 1146 120 1187 nos
144 1145 181 1186 33
204 1143 285 1205 quae
308 1125 414 1185 tecum
435 1121 597 1186 finxerunt
620 1123 760 1186 carmina
783 1122 858 1206 divi,

106 1218 265 1303 Cynthius
290 1221 321 1282 et
344 1217 464 1303 Musae,
486 1217 629 1283 Bacchus
653 1224 685 1283 et
708 1219 831 1303 Aglaie,
1037 1236 1070 1282 oo

61 1318 90 1380 si
111 1316 238 1381 laudem
262 1315 424 1398 adspirare
447 1315 594 1402 humiles,
617 1317 643 1379 11
669 1316 755 1379 adire
778 1313 929 1398 Cyrenas,

106 1414 134 1477 si
157 1413 263 1495 patrio
288 1411 402 1476 Graios
427 1413 565 1476 carmine
588 1413 674 1476 adire
698 1413 780 1476 sales

59 1532 241 1596 possumus,
267 1509 386 1592 optatis
410 1509 483 1592 plus
507 1510 571 1572 13111
593 1509 792 1592 procedimus
816 1509 906 1591 ipsis.

104 1607 166 1671 hoo
189 1607 268 1670 satis
292 1609 355 1689 331,
378 1605 491 1689 pingui
514 1607 562 1668 nil
584 1605 663 1669 111111
687 1628 760 1669 cum
782 1607 910 1689 populo.

484 1780 515 1846 X
538 1779 655 1868 (VIII).

105 1887 244 1952 Sabinus
267 1888 331 1972 ille,
354 1909 448 1971 quern
471 1887 595 1972 videtis,
616 1887 770 1972 hospites,

57 1988 105 2050 ait
129 1986 229 2049 fuisse
252 1985 353 2049 mulio
377 1985 569 2069 celerrimus,

56 2104 163 2166 neque
185 2081 283 2145 ullius
307 2081 447 2145 volantis
471 2081 626 2164 impetum
649 2081 707 2144 cisi

55 2179 209 2262 nequisse
231 2178 415 2264 praeterire,
438 2179 504 2241 3113
527 2177 694 2242 Mantuam

55 2298 141 2360 opus
165 2275 248 2338 foret
270 2273 378 2338 volare
402 2276 469 2338 3113
492 2273 643 2338 Brixiam.

54 2378 89 2436 et
113 2371 177 2435 hoo
198 2375 294 2456 negat
318 2371 500 2455 Tryphonis
525 2372 640 2436 aemuli
663 2373 794 2436 domum

54 2490 176 2553 negare
198 2469 340 2533 nobilem
363 2470 547 2533 1131131113
560 2466 698 2553 Caeruli,

54 2567 115 2631 ubi
138 2567 201 2630 iste
223 2569 297 2648 post
321 2563 458 2630 Sabinus
483 2570 556 2630 3113
579 2565 727 2641 Quinctio

55 2664 189 2727 bidente
211 2663 288 2726 dicit
312 2664 467 2727 attodisse
489 2663 609 2746 forcipe

52 2763 183 2826 comata
206 2760 296 2844 colla,
318 2761 444 2843 nequod
466 2759 632 2825 horridum
655 2760 731 2844 iugo

53 2859 221 2942 premente
243 2856 322 2920 dura
345 2857 461 2920 vulnus
486 2858 591 2920 ederet
615 2856 700 2920 iuba.

52 2952 215 3018 Cremona
237 2952 354 3036 frigida
377 2957 409 3017 et
432 2954 539 3018 lutosa
563 2951 679 3038 Gallia,

52 3049 119 3114 tibi
141 3047 219 3112 haec
241 3049 341 3112 fuisse
365 3053 396 3112 et
420 3072 488 3114 esse
511 3050 732 3134 cognitissima

52 3147 103 3210 ait
127 3141 278 3208 Sabinus:
302 3145 416 3209 ultima
440 3169 478 3210 ex
503 3147 625 3230 origine

52 3249 113 3308 tua
138 3242 266 3305 stetisse
289 3242 366 3306 dicit
389 3243 423 3306 in
446 3245 608 3328 voragine,

51 3346 113 3404 1113
136 3339 171 3402 in
193 3339 307 3422 palude
330 3339 492 3423 deposisse
516 3341 656 3404 sarcinas

51 3443 87 3502 31
110 3436 185 3500 inde
207 3439 256 3499 tot
279 3457 336 3519 per
351 3437 504 3500 ¹orbitosa
527 3437 616 3501 milia

52 3535 169 3618 iugum
191 3532 313 3618 tulisse,
336 3533 425 3596 laeva
449 3533 516 3596 3113
540 3535 669 3598 dextera

110 3647 232 3698 Brauon,
245 3647 331 3696 Vergil.
