2574 3964
199 253 242 316 60
495 250 645 305 VERGILI
663 250 871 306 GEORGIOON
889 251 915 304 ll

198 436 265 479 non
287 414 423 478 formam
446 413 606 497 accipiunt
628 414 777 498 ferroque
801 417 914 478 cavant
915 436 954 477 ur
976 417 1078 477 acuto
1156 427 1265 476 450

197 533 345 576 necnon
368 515 400 576 et
422 514 600 576 torrentem
622 511 740 574 undam
761 511 842 576 levis
865 511 991 574 innatat
1014 511 1108 574 alnus

198 609 297 672 missa
319 607 422 694 Pad03
443 629 591 673 necnon
613 611 646 671 e
669 629 745 692 apes
769 608 915 672 examina
938 607 1079 671 condunt

200 705 435 790 corticibusque
459 705 544 770 caris
567 705 768 788 vitiosaeque
790 704 873 768 ilicis
897 704 977 769 alre.

201 801 278 885 quid
299 802 542 866 memorandum
564 823 664 884 aeque
686 801 842 866 Baccheia
865 801 948 866 dona
970 801 1138 866 tulerunt?
1279 783 1280 850 l

167 891 343 967 (Bacchus
367 904 399 964 et
423 900 462 963 ad
485 900 610 982 culpam
633 920 744 962 causas
768 899 869 963 dedit·
862 899 947 984 ‚ille
970 898 1109 962 furentis
1158 915 1212 963 455

126 1000 171 1047 ⁴
201 995 378 1061 Centauros
401 997 467 1062 leto
490 996 614 1060 domuit
620 994 878 1080 ‚Rhoecumque
900 993 1102 1078 Pholumque
1279 1023 1280 1088 q

171 1097 234 1160 et
254 1114 372 1178 magno
395 1092 556 1177 Hylaeum
578 1091 673 1176 Lapit
659 1092 725 1156 this
749 1097 871 1170 cratere
893 1094 1077 1158 minantem.
1279 1095 1280 1180 l

245 1189 440 1256 Ofortunat
426 1195 477 1254 tos
500 1190 649 1274 nimium,
672 1211 730 1252 sua
753 1189 781 1254 si
803 1189 888 1253 bona
910 1189 1035 1274 norint
1279 1183 1280 1272 l

83 1236 175 1359 'l
201 1288 370 1372 agricolas!
394 1288 543 1373 quibus
534 1309 605 1372 1psa
623 1287 751 1398 procul·
762 1286 961 1352 discordibus
985 1287 1083 1350 armis

166 1370 172 1467 ξ
200 1385 307 1448 fundit
328 1385 426 1450 humo
450 1385 576 1449 facilem
598 1384 663 1448 vict
664 1407 720 1448 um
741 1384 807 1448 iust
808 1383 955 1446 issimet
941 1383 1046 1447 tellus,
1158 1399 1212 1448 460

162 1492 168 1529 ι’
202 1484 230 1546 si
251 1504 319 1547 non
340 1483 504 1567 ingentem
526 1481 650 1546 foribus
675 1481 787 1545 domus
811 1481 878 1544 alta
843 1481 1047 1564 tsuperbis

201 1602 294 1644 mane
317 1581 517 1643 salutantum
538 1579 618 1643 totis
642 1578 743 1642 vomit
767 1577 897 1642 aedibus
922 1577 1052 1662 undam,

202 1699 260 1744 nec
282 1677 388 1741 varios
411 1676 538 1741 inhiant
560 1675 695 1758 pulchre
716 1675 878 1740 testudine
900 1677 1010 1758 postes

149 1806 151 1819 ·
202 1775 387 1857 inlusasque
411 1796 488 1838 auro
511 1777 617 1838 vestes
641 1771 866 1857 Ephyreiaque
890 1783 977 1856 aera,

149 1943 151 1950 ¹
203 1873 276 1936 alba
297 1893 401 1954 neque
423 1869 558 1953 Assyrio
582 1871 708 1934 fucatur
729 1869 804 1932 lana
826 1889 962 1954 venene,

149 1974 151 1983 ’
201 1991 260 2034 nec
283 1967 368 2032 casia
389 1967 504 2050 liquidi
527 1965 743 2049 corrumpitur
764 1987 843 2030 usus
867 1966 956 2029 olivi:

148 2064 149 2073 ’
203 2071 237 2132 at
260 2087 370 2130 secura
394 2065 484 2147 quies
508 2067 540 2127 et
562 2063 670 2126 nescia
691 2063 802 2127 fallere
825 2063 905 2147 rita,

203 2164 291 2229 dives
315 2184 413 2246 opum
435 2161 611 2244 rariorum,
634 2163 668 2223 at
690 2159 765 2222 latis
789 2159 855 2223 otia
877 2159 984 2223 fundis

203 2253 387 2348 (speluncae
410 2258 538 2340 vivique
561 2257 649 2320 lacus
673 2259 705 2320 et
727 2256 845 2341 frigida
866 2260 973 2339 tempe

202 2357 410 2442 mugitusque
433 2354 532 2438 boum
555 2354 732 2436 mollesque
755 2354 815 2418 sub
839 2353 952 2418 arbore
975 2353 1096 2442 somni)
1160 2373 1214 2421 4⁷0

202 2477 270 2521 non
293 2454 426 2536 absunt3
449 2451 516 2515 illic
540 2451 641 2514 saltus
665 2472 701 2515 ac
722 2450 826 2515 lustra
848 2452 1000 2536 ferarum,

204 2557 237 2620 et
259 2552 385 2638 patiens
409 2571 542 2634 operum
566 2548 746 2632 exiguoque
770 2549 901 2612 adsueta
923 2548 1088 2636 iuventus,

204 2673 293 2716 sacra
315 2649 410 2712 deum
434 2646 598 2729 sanctique
621 2649 744 2728 patres:
768 2649 910 2708 extrema
932 2667 989 2729 per
1007 2646 1083 2710 illos

204 2746 334 2811 Iustitia
358 2741 510 2809 excedens
534 2742 629 2806 terris
652 2742 789 2826 vestigia
811 2741 894 2805 fecit.

247 2843 300 2907 Me
323 2862 399 2906 vero
423 2841 564 2925 primum
587 2839 694 2904 dulces
718 2842 793 2902 ante
816 2839 923 2902 omnia
945 2837 1071 2927 Muses,

205 2961 340 3024 quarum
364 2960 452 3002 sacre
474 2937 542 3001 fero
565 2937 690 3020 ingenti
712 2957 882 3020 percussus
905 2957 1026 3021 amore,

205 3037 375 3121 accipiant,
398 3033 539 3117 caelique
562 3034 630 3097 vias
654 3037 687 3097 et
710 3033 813 3097 sidera
828 3037 1031 3117 monstrent,

205 3134 346 3198 defectus
371 3131 449 3196 solis
471 3130 578 3194 varios
601 3131 758 3214 lunaeque
780 3131 920 3214 labores;

205 3232 289 3294 unde
312 3233 433 3294 tremor
456 3227 568 3312 torric,
591 3249 654 3311 qua
676 3228 709 3292 vi
731 3229 833 3292 meria
857 3229 923 3292 alta
945 3231 1126 3294 tumescant

206 3327 352 3392 obicibus
375 3323 481 3406 ruptis
504 3345 679 3406 rursusque
701 3323 737 3387 in
759 3345 793 3392 se
816 3325 887 3409 ipsa
909 3325 1065 3410 residant,
1162 3344 1216 3393 480

206 3423 283 3506 quid
305 3425 433 3485 tantum
457 3418 581 3483 Oceano
604 3424 777 3502 properent
801 3441 834 3483 se
856 3420 1003 3504 tinguere
1026 3421 1111 3485 soles

205 3518 348 3604 hiberni,
369 3516 421 3580 rel
445 3537 526 3598 quae
548 3517 649 3590 tardis
671 3538 762 3580 mora
784 3517 934 3580 noctibus
948 3517 1074 3582 obstet.

130 1057 146 1094 Ῑ
