2556 3966
204 237 271 301 402
527 235 675 290 VERGILI
693 235 825 290 AENEIS
843 236 895 289 XII

203 400 257 463 dat
281 400 436 484 gemitum
458 399 568 482 tellus3
594 402 665 463 tum
687 398 816 462 crebros
841 399 970 463 ensibus
993 397 1079 462 ictus

203 497 441 582 congeminant:
464 496 532 560 fors
556 499 587 559 et
609 496 713 560 virtus
736 495 909 560 miscentur
932 495 967 558 in
988 517 1098 558 unum.

203 615 239 657 ac
261 594 350 658 velut
373 592 498 677 ingenti
522 589 589 658 Sila
613 614 777 656 summove
800 591 951 656 Taburno
1164 609 1222 656 '115

203 712 275 754 cum
298 691 361 755 duo
386 689 547 754 conversis
571 689 700 752 inimica
722 689 757 752 in
779 688 901 771 proelia
923 687 1010 750 tauri

202 787 365 851 frontibus
388 787 556 852 incurrunt
580 783 701 870 (pavidi
725 806 845 850 cessere
868 783 1028 869 magistri,

204 888 269 948 stat
292 905 388 968 pecus
412 905 505 948 omne
528 886 616 948 metu
639 887 767 948 mutum
789 885 999 963 mussantque
1020 881 1186 966 iuvencae,

137 967 141 974 ⁴
203 982 276 1064 quis
298 967 619 1065 nemori'impe'fitet,
630 967 738 1063 quem
756 965 828 1044 tcd'a
846 981 990 1042 armenta
1009 977 1222 1064 sequantur);

203 1079 252 1142 illi
274 1079 360 1143 inter
383 1070 452 1142 sese
474 1077 576 1141 multa
598 1077 631 1140 vi
653 1077 784 1142 volnera
806 1075 941 1140 miscent
1166 1093 1222 1141 rao

203 1197 386 1261 cornuaque
410 1174 520 1238 obnixi
543 1174 684 1259 infigunt
708 1178 740 1238 et
758 1172 1032 1260 sanguinejmgcr

131 1268 135 1291 ¹
203 1273 285 1337 colla
308 1294 479 1355 armosque
501 1272 626 1356 lavant3
649 1271 772 1356 gemitu
794 1291 907 1334 nemus
931 1290 1024 1334 omne
1046 1271 1207 1354 remugit:

129 1376 133 1435 ἰ
202 1390 270 1432 non
292 1369 385 1433 aliter
408 1368 490 1432 Tros
513 1367 638 1432 Aeneas
661 1371 693 1431 et
716 1365 861 1448 Daunius
883 1367 978 1431 heros

202 1468 396 1530 concurrunt
419 1463 544 1547 clipeis;
568 1464 682 1548 ingens
705 1464 814 1547 fragor
838 1462 967 1531 aethera
989 1463 1139 1549 complet.

203 1561 349 1645 Iuppiter
370 1561 439 1643 ipse
463 1560 542 1624 duas
567 1563 704 1643 aequato
729 1561 872 1624 examine
893 1560 1000 1624 lances
1166 1577 1220 1626 725
1269 1566 1270 1642 l

204 1658 342 1722 sustinet
365 1661 397 1720 et
420 1657 487 1720 fata
509 1657 647 1740 imponit
670 1657 795 1721 diversa
817 1656 962 1740 duorum,
1269 1649 1270 1666 ¹

204 1777 298 1840 quem
322 1754 449 1818 damnet
472 1754 565 1818 labor
588 1759 620 1818 et
644 1775 707 1838 quo
730 1757 842 1838 vergat
865 1753 1005 1836 pondere
1028 1754 1142 1820 letum.

203 1851 317 1914 emicat
339 1850 401 1935 hic,
423 1851 553 1933 impune
575 1854 703 1936 putans,
726 1854 758 1914 et
781 1871 914 1933 corpore
936 1853 1008 1914 toto

203 1949 268 2012 alte
291 1947 454 2011 sublatum
476 1947 641 2032 consurgit
665 1948 793 2013 Turnus
817 1947 983 2010 inensem
1270 2015 1271 2018 Ἴ

188 2045 347 2134 &bdellii
369 2045 547 2108 exclamant
570 2043 668 2108 Troes
691 2043 872 2127 trepidique
894 2042 1012 2128 Latini,
1164 2063 1219 2112 ‘1³0
1270 2041 1271 2044 ¹

203 2145 406 2226 arrectaeque
429 2141 596 2205 amborum
619 2142 712 2206 acies.
755 2144 788 2204 at
811 2140 950 2224 perfidus
974 2141 1060 2204 ensis

203 2239 363 2324 frangitur
385 2239 420 2301 in
442 2238 610 2321 medioque
634 2238 800 2302 ardentem
824 2237 940 2301 deserit
962 2237 1051 2302 ictu.
1067 2288 1120 2304 ...

202 2337 238 2400 ni
259 2338 336 2420 fuga
360 2335 502 2399 subsidio
527 2336 647 2400 subeat.
694 2334 782 2418 fugit
806 2335 892 2398 ocior
915 2355 1002 2419 euro,

203 2436 240 2496 ut
262 2430 411 2515 capulum
433 2431 581 2514 ignotum
603 2432 808 2514 dextramque
832 2432 956 2515 aspexit
978 2432 1147 2499 inermem.

203 2530 288 2594 fama
311 2532 360 2592 est
378 2529 593 2614 praecipitem,
615 2551 687 2592 cum
705 2528 809 2611 prima
826 2529 862 2591 in
879 2529 1002 2612 proclia
1020 2530 1150 2596 iunctos
1165 2550 1217 2598 735

203 2626 434 2692 conscendebat
457 2647 567 2710 equos,
590 2627 696 2708 patrio
720 2646 871 2690 mucrone
892 2625 1015 2710 relicto,

203 2725 279 2788 dum
302 2724 451 2810 trepidat,
473 2723 594 2787 ferrum
619 2722 748 2806 aurigae
772 2723 917 2804 rapuisse
940 2721 1075 2787 Metisci.

203 2822 298 2904 idque
321 2820 385 2905 diu,
407 2820 483 2883 dum
506 2823 595 2903 terga
618 2819 739 2882 dabant
761 2819 904 2901 palantia
926 2819 1050 2905 Teucri,

145 2959 154 3023 q
204 2917 341 2982 suffecit:
365 2920 538 3000 postquam
562 2939 650 2980 arma
673 2916 722 2979 dei
747 2916 786 2980 ad
808 2915 964 2980 Volcania
986 2921 1164 3004 ventumst,

9 3081 10 3092 ,
154 3056 158 3081 ι
203 3015 349 3079 mortalis
372 3035 481 3078 mucro
505 3013 622 3100 glacies
645 3035 702 3077 ceu
724 3013 844 3078 futtilis
868 3013 936 3078 ictu
1167 3033 1220 3082 740

157 3112 160 3133 ¹
204 3109 697 3211 dissiluiqffljye„rtebltedenl
712 3109 1027 3198 ufragminaaelqaurena.

161 3206 166 3256 '·
205 3228 284 3291 ergo
308 3229 416 3270 amens
440 3207 564 3270 diversa
587 3207 665 3291 fuga
687 3206 770 3290 petit
793 3227 932 3288 aequora
955 3205 1083 3271 Turnus

207 3307 240 3365 et
262 3323 347 3366 nunc
369 3302 442 3387 huc,
463 3302 536 3367 inde
558 3302 622 3366 huc
643 3303 783 3368 incertos
807 3303 950 3386 implicat
974 3305 1083 3389 orbes3

169 3377 179 3475 l
208 3398 349 3482 undique
372 3398 457 3460 enim
479 3398 576 3464 densa
599 3399 712 3464 Teucri
734 3401 891 3465 inclusere
913 3423 1040 3487 corona,

169 3484 173 3510 “
208 3499 305 3578 atque
327 3493 402 3557 hinc
421 3499 512 3559 vasta
535 3497 637 3582 palus,
658 3497 734 3562 hinc
757 3498 855 3562 ardua
872 3498 998 3562 moenia
1015 3499 1221 3584 cinguntxm
