2514 3966
373 277 519 331 VERGILI
537 277 669 332 AENEIS
687 279 712 332 X
981 277 1043 340 331

60 436 278 521 turrigeraeque
301 439 391 503 urbis
415 438 582 522 biiugique
605 438 644 502 ad
667 439 757 502 frena
779 439 898 522 leones,

59 537 92 596 tu
109 533 180 596 mihi
201 556 286 600 nuno
308 556 436 619 pugnae
458 535 616 620 princeps,
638 541 675 599 tu
697 536 760 599 rite
782 535 978 619 propinques

59 631 209 716 augurium
231 631 480 716 Phrygibusque
502 632 588 696 adsis
611 632 700 717 pede,
721 632 804 716 diva,
827 631 1046 696 secundusne
1068 709 1073 721 Ι

59 733 167 792 tantam
189 729 311 793 effatus.
358 733 391 793 et
413 730 535 793 interea
557 731 703 794 revoluta
725 731 862 794 rubebat
1072 732 1075 741 '

58 829 165 888 matura
185 825 250 888 iam
268 825 342 898 ,luoe
364 825 432 888 dies
454 829 645 909 noctemque
667 828 809 912 fugarat:
1064 842 1070 878 ¹

57 922 195 1006 principio
219 922 315 986 sooiis
338 922 444 1006 edicit,
466 923 559 1007 signa
582 927 757 1008 sequantur

57 1024 138 1102 atque
158 1020 282 1082 animos
305 1023 417 1102 aptent
440 1019 538 1082 armis
560 1040 750 1104 pugnaeque
772 1025 887 1104 parent
910 1041 953 1084 se.

57 1117 165 1200 iamque
187 1116 223 1179 in
244 1119 419 1198 conspeetu
441 1115 582 1180 Teucros
603 1115 702 1180 hebet
724 1121 757 1180 et
780 1139 838 1180 sua
861 1120 975 1200 eastra,
995 1131 1047 1180 eoo

4 1217 5 1226 ’
57 1217 131 1278 stans
152 1213 236 1277 oelsa
257 1213 293 1275 in
315 1213 425 1296 puppi.
471 1213 608 1297 elipeum
631 1235 703 1278 enm
726 1213 839 1278 deinde
862 1212 994 1276 sinistra

55 1311 155 1374 extulit
177 1310 352 1395 ardentem,
373 1309 544 1374 clamorem
566 1310 606 1373 ad
628 1310 732 1374 sidera
754 1311 875 1374 tollunt

4 1453 6 1466 r
55 1407 236 1471 Dardanidae
260 1429 278 1470 e
299 1406 411 1490 muris,
432 1427 505 1489 spes
528 1407 636 1470 addita
658 1407 794 1470 suscitat
816 1407 891 1490 iras,

55 1506 108 1568 tela
126 1527 221 1568 mauu
243 1503 379 1566 iaciunt:
402 1503 513 1586 quales
536 1502 598 1567 sub
619 1503 761 1568 nubibus
784 1504 865 1568 utris

4 1631 5 1676 ς
56 1598 241 1684 Strymoniae
265 1599 343 1663 dant
365 1601 458 1684 signa
481 1620 577 1684 grues
600 1605 696 1684 atque
714 1600 845 1665 aethera
863 1605 1046 1666 tramutata

4 1709 5 1712 ’
54 1720 114 1761 oum
134 1699 242 1762 sonita
264 1697 458 1781 fugiuntque
478 1701 576 1760 notos
598 1698 736 1762 clamore
759 1697 905 1762 seeundo.

54 1799 83 1858 at
100 1794 217 1858 Rutulo
240 1795 310 1878 regi
333 1793 531 1876 ducibusque
552 1815 591 1856 ea
611 1795 694 1858 mira
714 1794 817 1858 videri

54 1892 201 1975 Ausoniis,
223 1890 323 1954 donee
345 1913 453 1954 versas
476 1890 516 1953 ad
537 1891 780 1974 litora,puppes

54 1989 214 2071 respiciunt
235 1989 406 2070 totumque
429 1986 536 2050 adlabi
558 1984 715 2052 elassibus
738 2009 865 2072 aequor.

54 2085 148 2150 *ardet
170 2107 251 2169 apex
274 2083 374 2167 capiti
395 2083 566 2167 cristisque
588 2107 608 2148 a
629 2085 748 2148 vertice
769 2083 898 2150 flamma
994 2102 1047 2150 ato

53 2183 184 2246 funditur
207 2186 240 2245 et
262 2185 372 2245 vastos
395 2180 494 2243 umbo
516 2181 618 2243 vomit
641 2203 756 2246 eureus
779 2181 879 2265 ignis:

53 2300 107 2342 uon
128 2300 216 2342 secus
241 2299 278 2341 eo
299 2277 423 2360 liquida
445 2277 602 2360 siquando
624 2281 720 2342 noete
741 2281 884 2341 cometae

53 2377 206 2461 sanguinei
228 2374 367 2459 lugubre
388 2373 507 2437 rubent
530 2379 586 2438 aut
608 2371 713 2438 Sirius
735 2374 839 2458 ardor,

53 2472 98 2536 ille
118 2473 203 2536 sitim
226 2471 422 2554 morbosque
443 2470 550 2534 ferens
571 2471 764 2535 mortalibus
786 2470 901 2556 aegris,
1251 2497 1252 2574 q

52 2571 181 2634 nascitur
204 2573 238 2634 et
259 2569 351 2631 laevo
374 2567 547 2632 contristat
569 2568 690 2631 lumine
713 2565 865 2632 eaelum*
995 2581 1046 2632 m
1251 2579 1252 2600 ¹

89 2667 171 2732 Haut
194 2672 303 2731 tamen
326 2666 437 2729 audaci
460 2665 570 2728 Turno
591 2663 708 2727 fiducia
730 2665 827 2727 cessit

53 2762 137 2828 litora
157 2764 339 2848 praecipere
362 2767 395 2826 et
416 2763 575 2826 venientis
597 2761 715 2846 pellere
736 2765 830 2825 terra.
995 2775 1047 2824 m

53 2859 138 2943 ‘quod
158 2861 245 2924 votis
269 2859 418 2943 optastis,
439 2859 539 2942 adest,
560 2859 756 2942 perfringere
778 2857 905 2922 dextra:
995 2873 1048 2922 τῖ’)

53 2957 245 3022 inmanibus
267 2955 356 3020 Mars
379 2956 450 3039 ipse
470 2956 560 3019 viris.
603 2975 689 3018 nuno
710 2953 856 3038 oouingis
879 2957 950 3017 esto

54 3057 174 3140 quisque
197 3076 274 3118 suae
296 3054 437 3136 tectique
458 3073 590 3135 mernor,
610 3071 697 3114 nuno
717 3069 836 3134 magna
857 3049 973 3114 referta

53 3151 134 3238 faeta,
154 3156 285 3236 patrum
306 3149 426 3214 laudes.
471 3149 559 3212 ultro
582 3169 785 3212 ooonrramus
808 3147 847 3210 ad
870 3145 1004 3232 anslaro,

53 3245 117 3312 dum
137 3247 255 3332 trepidi
277 3246 479 3331 egressisque
501 3244 612 3309 labant
635 3243 773 3328 vestigia
796 3243 907 3326 prima

54 3345 184 3408 audentis
206 3343 352 3408 Fortuna
373 3342 476 3406 iurat'

53 3537 121 3600 ultro
144 3543 258 3601 animos
279 3541 365 3601 tollit
386 3541 474 3602 dietis
497 3547 587 3619 atque
610 3540 746 3618 increpet
767 3539 849 3600 ultro
996 3547 1050 3598 2¹1¹!
