2552 3958
355 238 503 294 VERGILI
521 238 731 296 GEORGIOON
750 241 763 294 1
1031 239 1073 304 39

79 405 127 464 aut
147 423 216 465 cum
240 402 308 465 sole
329 423 415 466 novo
438 405 541 466 terras
564 401 688 466 inrorat
710 424 796 468 eous.

78 501 161 562 nocte
181 498 266 562 leves
289 499 404 562 melius
427 499 578 582 stipulae,
599 502 694 562 nocte
717 498 805 562 arida
827 502 920 582 prata

79 594 255 680 tondentur,
276 595 381 658 noctis
404 595 511 658 lentus
534 617 601 659 non
623 595 729 658 deficit
752 618 852 659 umor.
1023 611 1074 659 190

79 712 128 754 nec
147 691 324 754 mbicunda
346 713 432 755 ceres
455 691 559 756 medio
583 693 757 756 succiditur
780 696 884 776 aestu,
1023 708 1072 757 191

80 793 107 852 11
126 788 227 851 medio
251 792 355 852 tostas
379 793 470 852 aestu
492 789 569 852 terit
592 811 664 853 area
686 789 804 873 fruges.

79 885 171 949 nudus
194 908 263 970 ara,
286 907 355 950 sere
376 886 495 971 nudus3
517 885 643 970 hiemps
665 887 782 971 ignava
805 887 926 950 colono.

80 982 243 1066 frigoribus
266 985 361 1065 parto
385 983 542 1066 agricolae
564 984 752 1067 plerumque
775 983 942 1067 fruuntur,
1022 997 1074 1046 300

81 1083 242 1163 mutuaque
265 1080 351 1143 inter
374 1101 407 1142 se
430 1079 508 1143 laeti
531 1079 677 1144 convivia
699 1083 819 1144 curant.

82 1177 185 1240 invitat
139 1176 345 1260 ttgenialis
368 1175 470 1240 hiems
495 1197 649 1258 curasque
672 1176 790 1240 resolvi
781 1177 821 1260 t,
1104 1220 1109 1317 Ι

81 1295 130 1336 ceu
149 1293 276 1355 pressae
300 1294 372 1336 cum
394 1273 459 1336 iam
481 1277 613 1356 portum
634 1273 770 1357 tetigere
793 1273 917 1336 carinae
1104 1320 1106 1337 ,

80 1370 230 1454 puppibus
254 1373 286 1433 et
309 1369 387 1433 laeti
360 1373 488 1433 ttnau
490 1392 525 1433 ae
548 1370 727 1453 imposuere
751 1392 892 1434 coronas
1103 1360 1105 1369 ’

81 1470 286 1531 settamenet
301 1488 437 1550 quernas
452 1467 612 1551 glandest
614 1489 698 1531 ums
700 1467 841 1551 tringcre
854 1471 981 1550 tempus
1023 1484 1074 1532 305

81 1564 205 1628 etlauri
228 1563 324 1627 bacas
348 1563 514 1647 oleamque
537 1568 730 1650 cruentaque
752 1568 872 1650 myrta,

81 1665 142 1725 111111
162 1661 297 1746 gruibus
320 1661 445 1744 pedicas
469 1664 501 1724 et
524 1683 558 1724 rc
560 1660 606 1724 111
628 1682 745 1744 ponere
769 1661 869 1726 cervis

81 1758 255 1842 auritosque
278 1758 370 1842 sequi
392 1758 531 1841 lepores,
553 1761 624 1821 tum
646 1759 744 1842 figere
766 1759 908 1823 dammas

81 1859 204 1939 stuppea
226 1859 432 1938 torquentem
451 1854 597 1918 *Balearis
620 1854 752 1918 verbera
774 1853 903 1938 fundae,

81 1973 143 2016 cum
159 1953 214 2016 nix
234 1953 300 2016 alta
318 1952 413 2036 iacet,
435 1951 567 2036 glaciem
589 1973 686 2035 quom
704 1949 838 2014 flumina
855 1951 999 2015 trudunt.
1023 1969 1075 2016 110

81 2053 109 2112 11
129 2050 255 2133 quidam
278 2072 365 2113 seros
388 2049 516 2113 hiberni
539 2049 578 2112 ad
600 2047 731 2112 luminis
754 2047 845 2130 ignes
1024 2065 1074 2113 191

81 2145 253 2230 pervigilat,
275 2145 424 2228 ferroque
446 2145 531 2208 faces
553 2145 692 2228 inspicat
715 2148 824 2228 acuto;

81 2241 190 2306 interea
212 2242 348 2326 longum
370 2245 467 2305 cantu
490 2243 594 2306 solata
616 2241 759 2305 laborem

82 2343 185 2423 arguto
208 2339 347 2402 coniunx
369 2338 527 2422 percurrit
549 2339 674 2423 pectine
697 2339 794 2422 telas,

83 2441 131 2498 aut
150 2436 249 2500 dulcis
272 2436 372 2499 musti
394 2433 538 2500 Volcano
562 2436 710 2520 decoquit
732 2458 878 2500 umorem
1025 2453 1076 2501 111
1126 2490 1131 2518 ,

83 2537 110 2595 11
129 2533 211 2598 foliis
234 2534 353 2597 undam
375 2533 492 2616 trepidi
515 2533 682 2616 despumat
707 2533 808 2597 aheni.
1025 2550 1076 2600 110

120 2629 197 2705 Quid
219 2631 427 2712 tempestates
451 2630 597 2694 autumni
619 2635 652 2694 et
676 2631 779 2695 sidera
802 2631 918 2716 dicam,
1025 2649 1076 2696 311

84 2731 181 2813 atque,
202 2727 259 2791 ubi
281 2727 347 2790 iam
369 2726 560 2810 breviorque
583 2727 649 2790 dies
673 2732 705 2791 ct
727 2727 856 2791 mollior
880 2731 998 2812 aestas,

84 2845 154 2906 quae
174 2824 337 2909 vigilanda
359 2823 452 2908 viris3
475 2824 527 2887 vel
549 2845 621 2888 cum
642 2825 709 2888 ruit
732 2824 932 2888 imbriferum
954 2847 1023 2911 ver,

85 2920 176 3002 spicea
198 2922 262 2986 iam
285 2920 405 3004 eampis
429 2941 502 2984 cum
523 2921 637 2984 mersis
660 2921 822 2985 inhorruit
845 2925 877 2984 et
900 2943 972 2985 cum

84 3017 230 3082 frumenta
252 3019 288 3082 in
310 3017 405 3082 viridi
429 3017 549 3100 stipula
572 3017 723 3081 lactentia
745 3018 901 3102 turgent?
1028 3036 1078 3084 111

85 3108 165 3199 saepe
187 3137 260 3200 ego,
283 3137 356 3180 cum
378 3113 470 3178 flavis
492 3136 667 3178 messorem
688 3114 850 3178 induceret
874 3115 958 3178 arvis

85 3212 210 3295 agricola
232 3215 265 3276 et
288 3211 397 3296 fragili
420 3211 485 3274 iarn
506 3211 679 3295 stringeret
701 3211 821 3275 hordea
844 3213 963 3297 calme,

85 3308 178 3373 omnia
200 3312 371 3373 ventorum
393 3329 579 3372 concurrere
602 3308 723 3391 proelia
746 3308 828 3392 vidi,

86 3424 154 3486 quae
175 3405 337 3490 gravidam
362 3405 409 3468 lat
377 3408 427 3468 ate
451 3409 593 3489 segetem
615 3405 655 3514 ab
679 3405 871 3469 radicibus'
862 3406 937 3468 rmis

85 3501 240 3567 sublimem
263 3502 429 3586 expulsam
452 3505 612 3587 eruerent,
648 3501 832 3602 taturbine
854 3502 949 3585 nigro
1026 3516 1077 3564 310

1111 1071 1114 1109 1
