2530 3960
514 224 612 281 crnts.
1008 227 1074 290 433

44 390 232 470 expertum
253 387 364 450 multis
387 387 520 466 miserae
542 387 623 451 mihi
646 387 741 451 rebus
765 411 913 474 amorem,
1023 405 1073 453 325

45 484 195 568 perdere
218 505 312 548 saeva
334 505 445 567 precor
464 505 520 568 per
542 484 665 548 lumina
687 489 719 548 te
742 483 902 570 Ilithyiae,

45 604 93 646 ne
122 584 254 644 tanturn
276 581 399 644 facinus
423 585 489 644 tam
511 581 601 644 nulla
623 585 729 645 mente
753 583 904 665 sequaris.

46 699 129 742 non
152 698 213 762 ego
237 681 269 741 te
292 677 429 762 incepto,
452 677 521 741 fieri
545 677 631 761 quod
653 699 719 742 non
741 683 827 763 pote,
850 701 947 744 conor

46 775 191 838 flectere
214 796 331 860 amore,
352 796 456 858 nequo
475 778 522 838 est
541 795 613 838 cum
631 775 680 838 dis
704 777 894 840 contendere
914 780 1075 860 nostrum5

47 871 116 936 sed
142 871 245 954 patris
268 871 421 936 incolumi
443 872 552 955 potius
576 871 734 936 denubere
757 894 856 957 regno
1023 891 1075 938 380

48 975 162 1052 atquc
186 968 310 1052 aliquos
333 973 441 1032 tamen
464 990 533 1032 esse
555 969 634 1032 velis
657 969 728 1054 tibi,
753 970 891 1055 alumna,
913 974 1052 1054 penates.

47 1067 125 1130 hoc
148 1086 249 1129 unum
272 1065 369 1129 exitio
393 1066 487 1129 docta
510 1069 605 1148 atque
629 1071 761 1149 experta
783 1068 928 1132 monebo.

50 1162 152 1246 quod
176 1162 203 1225 si
225 1183 292 1226 non
314 1161 378 1226 alia
400 1163 520 1244 poteris
543 1160 668 1226 ratione
692 1166 856 1245 parentem

51 1261 192 1323 flectere
215 1255 286 1343 (sed
308 1257 444 1342 poteris:
469 1258 546 1341 quid
569 1258 653 1322 enim
674 1279 741 1322 non
763 1258 857 1322 unica
880 1258 1031 1346 possis?)‚

51 1363 136 1421 turn
158 1356 268 1437 potius
292 1358 400 1418 tamen
422 1355 495 1440 ista,
517 1354 571 1437 pio
595 1376 667 1418 cum
689 1355 758 1419 iure
780 1355 899 1439 licebit,
1023 1373 1074 1421 335

51 1474 136 1518 cum
162 1451 240 1515 facti
263 1471 390 1515 causam
413 1455 603 1534 tempusque
627 1451 746 1516 doloris
768 1449 912 1536 habebis,

54 1559 137 1616 tum
160 1548 270 1631 potius
295 1551 409 1612 conata
431 1552 488 1611 tua
511 1555 607 1630 atque
629 1548 756 1629 incepta
778 1547 909 1632 refert03
985 1597 987 1603 .

55 1668 180 1730 meque
204 1645 343 1728 deosque
365 1644 428 1708 tibi
450 1644 593 1729 comites,
615 1667 685 1708 mea
708 1644 845 1731 alumna,
868 1647 994 1710 futuros

55 1744 232 1829 polliceor:
255 1740 339 1804 nihil
361 1744 419 1826 est,
442 1742 526 1824 quod
549 1742 669 1805 texitur
694 1741 812 1827 ordine,
834 1742 986 1826 longum’

107 1840 173 1905 His
195 1839 253 1903 ubi
276 1838 431 1904 sollicitos
455 1838 553 1902 animi
575 1838 770 1902 relevaverat
793 1843 900 1902 aestus
1023 1857 1074 1906 340

57 1937 201 2004 vocibus
226 1939 257 2000 et
280 1935 397 2000 blanda
419 1939 530 2018 pectus
554 1956 610 2018 spe
634 1935 753 2000 luserat
778 1956 917 2020 aegrum,

57 2033 225 2122 paulatim
246 2030 453 2095 tremebunda
476 2031 567 2114 genis
591 2031 746 2096 obducere
769 2036 890 2096 vestem

58 2131 204 2216 virginis
228 2133 260 2192 et
284 2127 439 2210 placidam
461 2128 603 2193 tenebris
626 2133 753 2211 captare
777 2129 917 2210 quietem

59 2234 196 2296 inverso
220 2225 368 2288 bibulum
390 2224 592 2307 restinguens
616 2225 724 2290 lumen
747 2225 832 2290 olivo

59 2323 183 2408 incipit
206 2322 246 2386 ad
268 2321 460 2403 crebrosque
482 2320 587 2384 insani
609 2321 747 2403 pectoris
771 2320 853 2384 ictus
1023 2339 1074 2388 545

60 2427 152 2489 ferre
174 2441 314 2504 manum,
338 2417 478 2482 adsiduis
501 2417 642 2482 mulcens
666 2418 847 2501 praecordia
870 2419 991 2501 palmis.

60 2523 196 2586 noctem
217 2516 307 2578 illam
330 2515 376 2578 sic
398 2517 520 2578 maesta
543 2535 638 2596 super
660 2515 826 2580 morientis
850 2515 995 2578 alumnae

62 2613 239 2700 frigidulos
263 2610 372 2675 cubito
397 2611 533 2674 subnixa
555 2612 706 2694 pependit
730 2611 854 2676 ocellos.

63 2715 199 2798 postera
220 2709 276 2772 lux
299 2707 356 2772 ubi
378 2708 463 2772 laeta
486 2707 568 2770 diem
590 2707 781 2772 mortalibus
805 2709 923 2772 almum

62 2814 100 2874 et
124 2806 230 2892 gelida
252 2805 432 2870 venientem
454 2804 561 2888 ignem
585 2804 750 2887 quatiebat
774 2806 813 2868 ab
838 2803 927 2890 Oeta,
1024 2823 1074 2871 350

64 2927 167 2991 quem
188 2901 322 2987 pavidae
345 2901 476 2964 alternis
499 2901 641 2985 fugitant
665 2904 840 2983 optantque
864 2901 986 2983 puellae

66 3000 277 3090 (Hesperium
299 2998 413 3083 vitant,
435 3001 549 3080 optant
567 2998 727 3062 ardescere
749 2995 879 3084 Eoum),

65 3095 248 3184 praeceptis
271 3099 361 3178 paret
383 3095 475 3178 virgo
497 3095 632 3159 nutricis
655 3097 687 3158 et
711 3115 819 3158 omncs

65 3194 210 3278 undiquc
234 3192 394 3275 conquirit
416 3191 557 3255 nubendi
580 3191 689 3256 sedula
712 3212 831 3255 causas.

65 3293 270 3375 temptantur
292 3289 414 3372 patriae
439 3289 606 3353 submissis
630 3287 762 3352 vocibus
788 3309 889 3372 aures,
1023 3305 1075 3354 355

65 3389 303 3470 laudenturque
326 3385 428 3450 bonae
450 3387 537 3470 pacis
560 3386 656 3450 bona:
681 3384 801 3448 multus
824 3385 950 3466 ineptae

65 3484 206 3571 virginis
228 3482 360 3547 insolito
385 3503 487 3546 sermo
510 3503 613 3547 novus
637 3485 721 3545 errat
744 3482 778 3544 in
801 3503 863 3547 ore.

122 3597 242 3643 B1sarcx,
256 3596 343 3646 Vergil.
882 3591 915 3639 28
