<?xml version="1.0" encoding="UTF-8"?>
<!DOCTYPE html PUBLIC "-//W3C//DTD XHTML 1.0 Transitional//EN"
    "http://www.w3.org/TR/xhtml1/DTD/xhtml1-transitional.dtd">
<html xmlns="http://www.w3.org/1999/xhtml" xml:lang="en" lang="en">
 <head>
  <title>
</title>
<meta http-equiv="Content-Type" content="text/html;charset=utf-8" />
  <meta name='ocr-system' content='tesseract 3.04.00' />
  <meta name='ocr-capabilities' content='ocr_page ocr_carea ocr_par ocr_line ocrx_word'/>
</head>
<body>
  <div class='ocr_page' id='page_1' title='image "./pvergilimaronis11virggoog/pvergilimaronis11virggoog_0045.png"; bbox 0 0 2552 3958; ppageno 0'>
   <div class='ocr_carea' id='block_1_1' title="bbox 182 238 884 294">
    <p class='ocr_par' dir='ltr' id='par_1_1' title="bbox 182 238 884 294">
     <span class='ocr_line' id='line_1_1' title="bbox 182 238 884 294; baseline 0 0"><span class='ocrx_word' id='word_1_1' title='bbox 182 240 296 294; x_wconf 79' lang='lat' dir='ltr'>XXXIV</span> <span class='ocrx_word' id='word_1_2' title='bbox 488 239 535 293; x_wconf 82' lang='lat' dir='ltr'>DE</span> <span class='ocrx_word' id='word_1_3' title='bbox 554 239 642 294; x_wconf 84' lang='lat' dir='ltr'>VITA</span> <span class='ocrx_word' id='word_1_4' title='bbox 659 239 706 292; x_wconf 83' lang='grc' dir='ltr'>ΕΤ</span> <span class='ocrx_word' id='word_1_5' title='bbox 726 238 884 294; x_wconf 74' lang='lat' dir='ltr'>scalpris</span> 
     </span>
    </p>
   </div>
   <div class='ocr_carea' id='block_1_2' title="bbox 182 400 1196 1746">
    <p class='ocr_par' dir='ltr' id='par_1_2' title="bbox 182 400 1196 1264">
     <span class='ocr_line' id='line_1_2' title="bbox 182 400 1192 488; baseline -0.002 -24"><span class='ocrx_word' id='word_1_6' title='bbox 182 401 273 465; x_wconf 85' lang='lat' dir='ltr'>iuxta</span> <span class='ocrx_word' id='word_1_7' title='bbox 295 401 408 465; x_wconf 89' lang='lat' dir='ltr'>hortos</span> <span class='ocrx_word' id='word_1_8' title='bbox 431 401 687 465; x_wconf 87' lang='lat' dir='ltr'>Maecenatianos</span> <span class='ocrx_word' id='word_1_9' title='bbox 696 400 731 488; x_wconf 85' lang='grc'>1).</span> <span class='ocrx_word' id='word_1_10' title='bbox 778 424 816 466; x_wconf 84' lang='lat' dir='ltr'>ex</span> <span class='ocrx_word' id='word_1_11' title='bbox 839 400 1092 465; x_wconf 74' lang='lat' dir='ltr'>liberalitatibus</span> <span class='ocrx_word' id='word_1_12' title='bbox 1117 400 1192 463; x_wconf 89' lang='lat' dir='ltr'>ami-</span> 
     </span>
     <span class='ocr_line' id='line_1_3' title="bbox 183 497 1193 583; baseline -0.001 -23"><span class='ocrx_word' id='word_1_13' title='bbox 183 519 306 582; x_wconf 88' lang='lat' dir='ltr'>corum,</span> <span class='ocrx_word' id='word_1_14' title='bbox 332 498 474 582; x_wconf 76' lang='lat' dir='ltr'>Augusti</span> <span class='ocrx_word' id='word_1_15' title='bbox 501 498 664 583; x_wconf 85' lang='lat' dir='ltr'>inprimis,</span> <span class='ocrx_word' id='word_1_16' title='bbox 692 499 748 582; x_wconf 91' lang='lat' dir='ltr'>qui</span> <span class='ocrx_word' id='word_1_17' title='bbox 773 499 814 562; x_wconf 93' lang='lat' dir='ltr'>ob</span> <span class='ocrx_word' id='word_1_18' title='bbox 837 499 987 562; x_wconf 84' lang='lat' dir='ltr'>Aeneidis</span> <span class='ocrx_word' id='word_1_19' title='bbox 1009 497 1086 560; x_wconf 90' lang='lat' dir='ltr'>libri</span> <span class='ocrx_word' id='word_1_20' title='bbox 1110 497 1193 560; x_wconf 85' lang='lat' dir='ltr'>sexti</span> 
     </span>
     <span class='ocr_line' id='line_1_4' title="bbox 183 592 1193 680; baseline -0.003 -20"><span class='ocrx_word' id='word_1_21' title='bbox 183 596 404 660; x_wconf 83' lang='lat' dir='ltr'>recitationem</span> <span class='ocrx_word' id='word_1_22' title='bbox 427 596 517 679; x_wconf 81' lang='lat' dir='ltr'>gravi</span> <span class='ocrx_word' id='word_1_23' title='bbox 536 617 607 659; x_wconf 90' lang='lat' dir='ltr'>aere</span> <span class='ocrx_word' id='word_1_24' title='bbox 626 617 698 658; x_wconf 88' lang='lat' dir='ltr'>eum</span> <span class='ocrx_word' id='word_1_25' title='bbox 721 596 890 660; x_wconf 85' lang='lat' dir='ltr'>donavisse</span> <span class='ocrx_word' id='word_1_26' title='bbox 913 595 1053 659; x_wconf 89' lang='lat' dir='ltr'>traditur</span> <span class='ocrx_word' id='word_1_27' title='bbox 1062 592 1098 680; x_wconf 74' lang='lat'>²),</span> <span class='ocrx_word' id='word_1_28' title='bbox 1122 615 1193 676; x_wconf 91' lang='lat' dir='ltr'>pos·</span> 
     </span>
     <span class='ocr_line' id='line_1_5' title="bbox 185 690 1194 779; baseline 0 -24"><span class='ocrx_word' id='word_1_29' title='bbox 185 691 266 756; x_wconf 88' lang='lat' dir='ltr'>sedit</span> <span class='ocrx_word' id='word_1_30' title='bbox 292 714 393 775; x_wconf 89' lang='lat' dir='ltr'>prope</span> <span class='ocrx_word' id='word_1_31' title='bbox 420 692 562 756; x_wconf 88' lang='lat' dir='ltr'>centiens</span> <span class='ocrx_word' id='word_1_32' title='bbox 592 693 776 756; x_wconf 91' lang='lat' dir='ltr'>sestertium</span> <span class='ocrx_word' id='word_1_33' title='bbox 787 690 821 779; x_wconf 83' lang='lat'>³).</span> <span class='ocrx_word' id='word_1_34' title='bbox 873 692 1004 756; x_wconf 90' lang='lat' dir='ltr'>heredes</span> <span class='ocrx_word' id='word_1_35' title='bbox 1034 691 1194 756; x_wconf 90' lang='lat' dir='ltr'>bonorum</span> 
     </span>
     <span class='ocr_line' id='line_1_6' title="bbox 184 777 1194 872; baseline -0.002 -18"><span class='ocrx_word' id='word_1_36' title='bbox 184 793 376 854; x_wconf 88' lang='lat' dir='ltr'>testamento</span> <span class='ocrx_word' id='word_1_37' title='bbox 407 791 551 854; x_wconf 88' lang='lat' dir='ltr'>instituit</span> <span class='ocrx_word' id='word_1_38' title='bbox 578 791 710 854; x_wconf 86' lang='lat' dir='ltr'>fratrem</span> <span class='ocrx_word' id='word_1_39' title='bbox 739 789 801 853; x_wconf 87' lang='lat' dir='ltr'>alio</span> <span class='ocrx_word' id='word_1_40' title='bbox 831 777 934 872; x_wconf 67' lang='lat' dir='ltr'>patre⁴</span> <span class='ocrx_word' id='word_1_41' title='bbox 949 793 1062 852; x_wconf 90' lang='lat' dir='ltr'>natum</span> <span class='ocrx_word' id='word_1_42' title='bbox 1093 789 1194 852; x_wconf 92' lang='lat' dir='ltr'>mino-</span> 
     </span>
     <span class='ocr_line' id='line_1_7' title="bbox 184 885 1195 974; baseline -0.001 -24"><span class='ocrx_word' id='word_1_43' title='bbox 184 909 265 974; x_wconf 88' lang='lat' dir='ltr'>rem,</span> <span class='ocrx_word' id='word_1_44' title='bbox 289 888 345 971; x_wconf 92' lang='lat' dir='ltr'>qui</span> <span class='ocrx_word' id='word_1_45' title='bbox 367 888 454 952; x_wconf 90' lang='lat' dir='ltr'>solus</span> <span class='ocrx_word' id='word_1_46' title='bbox 479 909 517 951; x_wconf 88' lang='lat' dir='ltr'>ex</span> <span class='ocrx_word' id='word_1_47' title='bbox 540 887 729 970; x_wconf 90' lang='lat' dir='ltr'>propinquis</span> <span class='ocrx_word' id='word_1_48' title='bbox 754 891 915 969; x_wconf 84' lang='lat' dir='ltr'>superstes</span> <span class='ocrx_word' id='word_1_49' title='bbox 934 890 1012 969; x_wconf 89' lang='lat' dir='ltr'>erat,</span> <span class='ocrx_word' id='word_1_50' title='bbox 1035 885 1195 950; x_wconf 81' lang='lat' dir='ltr'>Valerium</span> 
     </span>
     <span class='ocr_line' id='line_1_8' title="bbox 186 982 1194 1067; baseline -0.001 -20"><span class='ocrx_word' id='word_1_51' title='bbox 186 983 355 1048; x_wconf 85' lang='lat' dir='ltr'>Proculum</span> <span class='ocrx_word' id='word_1_52' title='bbox 380 1005 418 1047; x_wconf 89' lang='lat' dir='ltr'>ex</span> <span class='ocrx_word' id='word_1_53' title='bbox 442 983 572 1046; x_wconf 88' lang='lat' dir='ltr'>dimidia</span> <span class='ocrx_word' id='word_1_54' title='bbox 597 988 703 1067; x_wconf 89' lang='lat' dir='ltr'>parte,</span> <span class='ocrx_word' id='word_1_55' title='bbox 730 1005 768 1046; x_wconf 87' lang='lat' dir='ltr'>ex</span> <span class='ocrx_word' id='word_1_56' title='bbox 792 987 907 1066; x_wconf 85' lang='lat' dir='ltr'>quarta</span> <span class='ocrx_word' id='word_1_57' title='bbox 931 982 1127 1066; x_wconf 83' lang='lat' dir='ltr'>Augustum,</span> <span class='ocrx_word' id='word_1_58' title='bbox 1157 1005 1194 1046; x_wconf 85' lang='lat' dir='ltr'>ex</span> 
     </span>
     <span class='ocr_line' id='line_1_9' title="bbox 186 1077 1196 1166; baseline -0.001 -22"><span class='ocrx_word' id='word_1_59' title='bbox 186 1081 371 1144; x_wconf 88' lang='lat' dir='ltr'>duodecima</span> <span class='ocrx_word' id='word_1_60' title='bbox 393 1078 623 1166; x_wconf 79' lang='lat' dir='ltr'>Maecenatem,</span> <span class='ocrx_word' id='word_1_61' title='bbox 649 1100 687 1142; x_wconf 88' lang='lat' dir='ltr'>ex</span> <span class='ocrx_word' id='word_1_62' title='bbox 709 1079 833 1162; x_wconf 90' lang='lat' dir='ltr'>reliqua</span> <span class='ocrx_word' id='word_1_63' title='bbox 856 1077 891 1141; x_wconf 82' lang='lat' dir='ltr'>L.</span> <span class='ocrx_word' id='word_1_64' title='bbox 910 1077 1045 1142; x_wconf 88' lang='lat' dir='ltr'>Varium</span> <span class='ocrx_word' id='word_1_65' title='bbox 1068 1083 1100 1142; x_wconf 92' lang='lat' dir='ltr'>et</span> <span class='ocrx_word' id='word_1_66' title='bbox 1124 1077 1196 1143; x_wconf 92' lang='lat' dir='ltr'>Plo·</span> 
     </span>
     <span class='ocr_line' id='line_1_10' title="bbox 185 1175 474 1264; baseline -0.007 -22"><span class='ocrx_word' id='word_1_67' title='bbox 185 1179 269 1254; x_wconf 83' lang='lat' dir='ltr'>tium¹</span> <span class='ocrx_word' id='word_1_68' title='bbox 291 1175 474 1264; x_wconf 55' lang='lat' dir='ltr'>&#39;t‘uecamil</span> 
     </span>
    </p>

    <p class='ocr_par' dir='ltr' id='par_1_3' title="bbox 186 1272 1196 1746">
     <span class='ocr_line' id='line_1_11' title="bbox 274 1272 1195 1358; baseline 0 -20"><span class='ocrx_word' id='word_1_69' title='bbox 274 1272 359 1338; x_wconf 91' lang='lat' dir='ltr'>Nam</span> <span class='ocrx_word' id='word_1_70' title='bbox 381 1278 528 1358; x_wconf 89' lang='lat' dir='ltr'>parentes</span> <span class='ocrx_word' id='word_1_71' title='bbox 552 1276 617 1338; x_wconf 90' lang='lat' dir='ltr'>iam</span> <span class='ocrx_word' id='word_1_72' title='bbox 640 1274 770 1358; x_wconf 79' lang='lat' dir='ltr'>grandis</span> <span class='ocrx_word' id='word_1_73' title='bbox 794 1273 958 1358; x_wconf 88' lang='lat' dir='ltr'>amiserat,</span> <span class='ocrx_word' id='word_1_74' title='bbox 980 1278 1103 1356; x_wconf 88' lang='lat' dir='ltr'>patrem</span> <span class='ocrx_word' id='word_1_75' title='bbox 1128 1275 1195 1357; x_wconf 92' lang='lat' dir='ltr'>qui-</span> 
     </span>
     <span class='ocr_line' id='line_1_12' title="bbox 186 1369 1196 1455; baseline 0.001 -20"><span class='ocrx_word' id='word_1_76' title='bbox 186 1372 257 1436; x_wconf 91' lang='lat' dir='ltr'>dem</span> <span class='ocrx_word' id='word_1_77' title='bbox 281 1375 410 1453; x_wconf 86' lang='lat' dir='ltr'>captum</span> <span class='ocrx_word' id='word_1_78' title='bbox 433 1369 543 1455; x_wconf 91' lang='lat' dir='ltr'>oculis,</span> <span class='ocrx_word' id='word_1_79' title='bbox 565 1376 597 1434; x_wconf 88' lang='lat' dir='ltr'>et</span> <span class='ocrx_word' id='word_1_80' title='bbox 621 1371 700 1436; x_wconf 91' lang='lat' dir='ltr'>duos</span> <span class='ocrx_word' id='word_1_81' title='bbox 719 1372 835 1435; x_wconf 86' lang='lat' dir='ltr'>fratres</span> <span class='ocrx_word' id='word_1_82' title='bbox 859 1392 1037 1454; x_wconf 85' lang='lat' dir='ltr'>germanos,</span> <span class='ocrx_word' id='word_1_83' title='bbox 1057 1372 1196 1436; x_wconf 83' lang='lat' dir='ltr'>Salonem</span> 
     </span>
     <span class='ocr_line' id='line_1_13' title="bbox 186 1465 1196 1554; baseline 0 -22"><span class='ocrx_word' id='word_1_84' title='bbox 186 1469 387 1552; x_wconf 88' lang='lat' dir='ltr'>inpuberem,</span> <span class='ocrx_word' id='word_1_85' title='bbox 418 1467 573 1532; x_wconf 75' lang='lat' dir='ltr'>Flaccum</span> <span class='ocrx_word' id='word_1_86' title='bbox 601 1468 666 1532; x_wconf 89' lang='lat' dir='ltr'>iam</span> <span class='ocrx_word' id='word_1_87' title='bbox 698 1465 889 1554; x_wconf 71' lang='lat' dir='ltr'>adultum5).</span> <span class='ocrx_word' id='word_1_88' title='bbox 943 1472 1071 1531; x_wconf 91' lang='lat' dir='ltr'>mortuo</span> <span class='ocrx_word' id='word_1_89' title='bbox 1103 1473 1196 1552; x_wconf 90' lang='lat' dir='ltr'>patre</span> 
     </span>
     <span class='ocr_line' id='line_1_14' title="bbox 187 1563 1196 1651; baseline -0.001 -21"><span class='ocrx_word' id='word_1_90' title='bbox 187 1563 295 1649; x_wconf 85' lang='lat' dir='ltr'>Magia</span> <span class='ocrx_word' id='word_1_91' title='bbox 320 1563 411 1627; x_wconf 91' lang='lat' dir='ltr'>Polla</span> <span class='ocrx_word' id='word_1_92' title='bbox 441 1564 557 1628; x_wconf 85' lang='lat' dir='ltr'>alteras</span> <span class='ocrx_word' id='word_1_93' title='bbox 589 1566 719 1648; x_wconf 88' lang='lat' dir='ltr'>nuptias</span> <span class='ocrx_word' id='word_1_94' title='bbox 749 1565 880 1651; x_wconf 88' lang='lat' dir='ltr'>inierat,</span> <span class='ocrx_word' id='word_1_95' title='bbox 911 1565 994 1628; x_wconf 89' lang='lat' dir='ltr'>unde</span> <span class='ocrx_word' id='word_1_96' title='bbox 1021 1565 1108 1630; x_wconf 91' lang='lat' dir='ltr'>filius</span> <span class='ocrx_word' id='word_1_97' title='bbox 1141 1567 1196 1630; x_wconf 91' lang='lat' dir='ltr'>ille</span> 
     </span>
     <span class='ocr_line' id='line_1_15' title="bbox 186 1659 1196 1746; baseline 0.004 -22"><span class='ocrx_word' id='word_1_98' title='bbox 186 1665 281 1724; x_wconf 89' lang='lat' dir='ltr'>natus</span> <span class='ocrx_word' id='word_1_99' title='bbox 309 1665 358 1724; x_wconf 90' lang='lat' dir='ltr'>est</span> <span class='ocrx_word' id='word_1_100' title='bbox 381 1660 530 1725; x_wconf 89' lang='lat' dir='ltr'>Valerius</span> <span class='ocrx_word' id='word_1_101' title='bbox 553 1659 715 1725; x_wconf 90' lang='lat' dir='ltr'>Proculus.</span> <span class='ocrx_word' id='word_1_102' title='bbox 762 1661 874 1726; x_wconf 83' lang='lat' dir='ltr'>Flacco</span> <span class='ocrx_word' id='word_1_103' title='bbox 902 1666 1004 1725; x_wconf 88' lang='lat' dir='ltr'>mater</span> <span class='ocrx_word' id='word_1_104' title='bbox 1031 1668 1196 1746; x_wconf 86' lang='lat' dir='ltr'>superstes</span> 
     </span>
    </p>
   </div>
   <div class='ocr_carea' id='block_1_3' title="bbox 187 1758 1274 1847">
    <p class='ocr_par' dir='ltr' id='par_1_4' title="bbox 187 1758 1274 1847">
     <span class='ocr_line' id='line_1_16' title="bbox 187 1758 1274 1847; baseline 0.001 -24"><span class='ocrx_word' id='word_1_105' title='bbox 187 1759 263 1843; x_wconf 88' lang='lat' dir='ltr'>fuit,</span> <span class='ocrx_word' id='word_1_106' title='bbox 286 1759 340 1822; x_wconf 89' lang='lat' dir='ltr'>sed</span> <span class='ocrx_word' id='word_1_107' title='bbox 362 1758 452 1836; x_wconf 83' lang='lat' dir='ltr'>luctu</span> <span class='ocrx_word' id='word_1_108' title='bbox 475 1758 576 1820; x_wconf 86' lang='lat' dir='ltr'>fracta</span> <span class='ocrx_word' id='word_1_109' title='bbox 598 1779 665 1822; x_wconf 92' lang='lat' dir='ltr'>non</span> <span class='ocrx_word' id='word_1_110' title='bbox 688 1759 742 1821; x_wconf 92' lang='lat' dir='ltr'>diu</span> <span class='ocrx_word' id='word_1_111' title='bbox 766 1759 979 1843; x_wconf 85' lang='lat' dir='ltr'>supervixisse</span> <span class='ocrx_word' id='word_1_112' title='bbox 1001 1764 1152 1824; x_wconf 87' lang='lat' dir='ltr'>narratur</span> <span class='ocrx_word' id='word_1_113' title='bbox 1160 1759 1196 1847; x_wconf 84' lang='grc'>6).</span> <span class='ocrx_word' id='word_1_114' title='bbox 1273 1759 1274 1830; x_wconf 62' lang='grc' dir='ltr'>Ξ</span> 
     </span>
    </p>
   </div>
   <div class='ocr_carea' id='block_1_4' title="bbox 188 1884 400 1893">
    <p class='ocr_par' dir='ltr' id='par_1_5' title="bbox 188 1884 400 1893">
     <span class='ocr_line' id='line_1_17' title="bbox 188 1884 400 1893; baseline -0.009 -1"><span class='ocrx_word' id='word_1_115' title='bbox 188 1884 400 1893; x_wconf 68' lang='lat'>..-—-.--—.</span> 
     </span>
    </p>
   </div>
   <div class='ocr_carea' id='block_1_5' title="bbox 187 1949 1195 2444">
    <p class='ocr_par' dir='ltr' id='par_1_6' title="bbox 262 1949 630 2030">
     <span class='ocr_line' id='line_1_18' title="bbox 262 1949 630 2030; baseline -0.003 -27"><span class='ocrx_word' id='word_1_116' title='bbox 262 1951 281 2018; x_wconf 81' lang='lat'>¹)</span> <span class='ocrx_word' id='word_1_117' title='bbox 300 1950 426 2030; x_wconf 81' lang='lat' dir='ltr'>Donatus</span> <span class='ocrx_word' id='word_1_118' title='bbox 445 1969 471 2019; x_wconf 91' lang='lat' dir='ltr'>p.</span> <span class='ocrx_word' id='word_1_119' title='bbox 488 1955 530 2018; x_wconf 78' lang='lat' dir='ltr'>st,</span> <span class='ocrx_word' id='word_1_120' title='bbox 548 1955 581 2003; x_wconf 82' lang='lat'>14</span> <span class='ocrx_word' id='word_1_121' title='bbox 598 1949 630 2002; x_wconf 84' lang='lat' dir='ltr'>R.</span> 
     </span>
    </p>

    <p class='ocr_par' dir='ltr' id='par_1_7' title="bbox 187 2020 1195 2444">
     <span class='ocr_line' id='line_1_19' title="bbox 261 2020 1195 2093; baseline 0.003 -18"><span class='ocrx_word' id='word_1_122' title='bbox 261 2021 281 2090; x_wconf 76' lang='lat'>²)</span> <span class='ocrx_word' id='word_1_123' title='bbox 300 2022 412 2074; x_wconf 79' lang='lat' dir='ltr'>Servius</span> <span class='ocrx_word' id='word_1_124' title='bbox 431 2021 468 2073; x_wconf 88' lang='lat' dir='ltr'>ad</span> <span class='ocrx_word' id='word_1_125' title='bbox 488 2022 555 2074; x_wconf 89' lang='lat' dir='ltr'>Aen.</span> <span class='ocrx_word' id='word_1_126' title='bbox 571 2020 609 2074; x_wconf 96' lang='lat' dir='ltr'>VI</span> <span class='ocrx_word' id='word_1_127' title='bbox 623 2025 682 2088; x_wconf 79' lang='lat'>862,</span> <span class='ocrx_word' id='word_1_128' title='bbox 702 2020 766 2074; x_wconf 87' lang='lat' dir='ltr'>vide</span> <span class='ocrx_word' id='word_1_129' title='bbox 787 2038 878 2090; x_wconf 88' lang='lat' dir='ltr'>supra.</span> <span class='ocrx_word' id='word_1_130' title='bbox 911 2021 945 2075; x_wconf 87' lang='lat' dir='ltr'>cf.</span> <span class='ocrx_word' id='word_1_131' title='bbox 961 2021 1095 2076; x_wconf 86' lang='lat' dir='ltr'>Horatius</span> <span class='ocrx_word' id='word_1_132' title='bbox 1114 2022 1195 2093; x_wconf 87' lang='lat' dir='ltr'>epist.</span> 
     </span>
     <span class='ocr_line' id='line_1_20' title="bbox 189 2093 1194 2246; baseline -0.003 -28"><span class='ocrx_word' id='word_1_133' title='bbox 189 2093 215 2146; x_wconf 77' lang='lat' dir='ltr'><strong>H</strong></span> <span class='ocrx_word' id='word_1_134' title='bbox 236 2097 430 2232; x_wconf 51' lang='lat' dir='ltr'>1³⁸)24‘lbdllseilit</span> <span class='ocrx_word' id='word_1_135' title='bbox 444 2179 530 2231; x_wconf 76' lang='lat' dir='ltr'>prope</span> <span class='ocrx_word' id='word_1_136' title='bbox 549 2164 666 2217; x_wconf 74' lang='lat' dir='ltr'>centiens</span> <span class='ocrx_word' id='word_1_137' title='bbox 683 2165 832 2218; x_wconf 78' lang='lat' dir='ltr'>sestertium</span> <span class='ocrx_word' id='word_1_138' title='bbox 851 2181 884 2217; x_wconf 83' lang='lat' dir='ltr'>ea</span> <span class='ocrx_word' id='word_1_139' title='bbox 900 2163 1111 2246; x_wconf 78' lang='lat' dir='ltr'>liberalitatibus</span> <span class='ocrx_word' id='word_1_140' title='bbox 1128 2165 1194 2216; x_wconf 88' lang='lat' dir='ltr'>ami-</span> 
     </span>
     <span class='ocr_line' id='line_1_21' title="bbox 188 2232 1195 2359; baseline -0.002 1"><span class='ocrx_word' id='word_1_141' title='bbox 188 2232 591 2359; x_wconf 36' lang='lat' dir='ltr'>&amp;latitabatis</span> <span class='ocrx_word' id='word_1_142' title='bbox 607 2234 716 2356; x_wconf 57' lang='lat' dir='ltr'>ala</span> <span class='ocrx_word' id='word_1_143' title='bbox 734 2240 894 2358; x_wconf 59' lang='lat' dir='ltr'>&#39;⁴⁸33le</span> <span class='ocrx_word' id='word_1_144' title='bbox 912 2235 1195 2358; x_wconf 63' lang='lat' dir='ltr'>{lituu-tt</span> 
     </span>
     <span class='ocr_line' id='line_1_22' title="bbox 187 2312 1195 2444; baseline -0.003 -14"><span class='ocrx_word' id='word_1_145' title='bbox 187 2312 280 2431; x_wconf 44' lang='lat' dir='ltr'>ligna</span> <span class='ocrx_word' id='word_1_146' title='bbox 300 2373 458 2430; x_wconf 79' lang='lat' dir='ltr'>Cremonae’</span> <span class='ocrx_word' id='word_1_147' title='bbox 480 2321 642 2444; x_wconf 72' lang='lat' dir='ltr'>(Vergiliuiil</span> <span class='ocrx_word' id='word_1_148' title='bbox 670 2417 675 2429; x_wconf 90' lang='lat'>.</span> <span class='ocrx_word' id='word_1_149' title='bbox 696 2417 702 2429; x_wconf 93' lang='lat'>.</span> <span class='ocrx_word' id='word_1_150' title='bbox 750 2322 829 2428; x_wconf 68' lang='lat' dir='ltr'>‘rial</span> <span class='ocrx_word' id='word_1_151' title='bbox 849 2321 952 2429; x_wconf 51' lang='lat' dir='ltr'>Tusbus</span> <span class='ocrx_word' id='word_1_152' title='bbox 974 2391 1051 2444; x_wconf 87' lang='lat' dir='ltr'>eques</span> <span class='ocrx_word' id='word_1_153' title='bbox 1074 2393 1195 2444; x_wconf 82' lang='lat' dir='ltr'>pauper·-</span> 
     </span>
    </p>
   </div>
   <div class='ocr_carea' id='block_1_6' title="bbox 188 2441 1273 2526">
    <p class='ocr_par' dir='ltr' id='par_1_8' title="bbox 188 2441 1273 2526">
     <span class='ocr_line' id='line_1_23' title="bbox 188 2441 1273 2526; baseline -0.002 -24"><span class='ocrx_word' id='word_1_154' title='bbox 188 2453 318 2516; x_wconf 87' lang='lat' dir='ltr'>tatemque</span> <span class='ocrx_word' id='word_1_155' title='bbox 336 2447 483 2516; x_wconf 82' lang='lat' dir='ltr'>malipnam</span> <span class='ocrx_word' id='word_1_156' title='bbox 503 2444 638 2513; x_wconf 84' lang='lat' dir='ltr'>Reppulit</span> <span class='ocrx_word' id='word_1_157' title='bbox 655 2451 680 2499; x_wconf 88' lang='lat' dir='ltr'>et</span> <span class='ocrx_word' id='word_1_158' title='bbox 697 2446 777 2500; x_wconf 85' lang='lat' dir='ltr'>celeri</span> <span class='ocrx_word' id='word_1_159' title='bbox 794 2447 875 2500; x_wconf 88' lang='lat' dir='ltr'>iussit</span> <span class='ocrx_word' id='word_1_160' title='bbox 893 2447 967 2500; x_wconf 84' lang='lat' dir='ltr'>abire</span> <span class='ocrx_word' id='word_1_161' title='bbox 984 2448 1061 2526; x_wconf 80' lang='lat' dir='ltr'>fnpa.</span> <span class='ocrx_word' id='word_1_162' title='bbox 1095 2447 1197 2514; x_wconf 82' lang='lat' dir='ltr'>Accipe</span> <span class='ocrx_word' id='word_1_163' title='bbox 1272 2441 1273 2470; x_wconf 31' lang='grc' dir='ltr'>ἢ</span> 
     </span>
    </p>
   </div>
   <div class='ocr_carea' id='block_1_7' title="bbox 188 2514 1200 3151">
    <p class='ocr_par' dir='ltr' id='par_1_9' title="bbox 188 2514 1200 2853">
     <span class='ocr_line' id='line_1_24' title="bbox 189 2514 1198 2585; baseline -0.002 -13"><span class='ocrx_word' id='word_1_164' title='bbox 189 2518 301 2572; x_wconf 84' lang='lat' dir='ltr'>diuitias</span> <span class='ocrx_word' id='word_1_165' title='bbox 328 2523 355 2570; x_wconf 92' lang='lat' dir='ltr'>et</span> <span class='ocrx_word' id='word_1_166' title='bbox 380 2523 473 2571; x_wconf 86' lang='lat' dir='ltr'>catum</span> <span class='ocrx_word' id='word_1_167' title='bbox 500 2516 636 2570; x_wconf 83' lang='lat' dir='ltr'>maninus</span> <span class='ocrx_word' id='word_1_168' title='bbox 663 2517 731 2570; x_wconf 88' lang='lat' dir='ltr'>esto’</span> <span class='ocrx_word' id='word_1_169' title='bbox 760 2532 783 2570; x_wconf 86' lang='lat' dir='ltr'>e.</span> <span class='ocrx_word' id='word_1_170' title='bbox 807 2534 833 2585; x_wconf 91' lang='lat' dir='ltr'>q.</span> <span class='ocrx_word' id='word_1_171' title='bbox 858 2532 878 2570; x_wconf 91' lang='lat' dir='ltr'>s.</span> <span class='ocrx_word' id='word_1_172' title='bbox 905 2514 1045 2568; x_wconf 84' lang='lat' dir='ltr'>Martialrs</span> <span class='ocrx_word' id='word_1_173' title='bbox 1064 2515 1131 2569; x_wconf 91' lang='lat' dir='ltr'>VIII</span> <span class='ocrx_word' id='word_1_174' title='bbox 1156 2523 1198 2570; x_wconf 78' lang='lat'>56.</span> 
     </span>
     <span class='ocr_line' id='line_1_25' title="bbox 190 2585 1200 2656; baseline -0.001 -14"><span class='ocrx_word' id='word_1_175' title='bbox 190 2589 314 2642; x_wconf 84' lang='lat' dir='ltr'>‘namsi</span> <span class='ocrx_word' id='word_1_176' title='bbox 337 2587 455 2656; x_wconf 72' lang='lat' dir='ltr'>Vespilm</span> <span class='ocrx_word' id='word_1_177' title='bbox 474 2603 546 2654; x_wconf 85' lang='lat' dir='ltr'>puer</span> <span class='ocrx_word' id='word_1_178' title='bbox 568 2593 593 2640; x_wconf 94' lang='lat' dir='ltr'>et</span> <span class='ocrx_word' id='word_1_179' title='bbox 616 2587 753 2641; x_wconf 79' lang='lat' dir='ltr'>tolerabile</span> <span class='ocrx_word' id='word_1_180' title='bbox 774 2587 857 2641; x_wconf 74' lang='lat' dir='ltr'>demet</span> <span class='ocrx_word' id='word_1_181' title='bbox 874 2585 1047 2655; x_wconf 87' lang='lat' dir='ltr'>Hospitium,</span> <span class='ocrx_word' id='word_1_182' title='bbox 1071 2589 1200 2641; x_wconf 79' lang='lat' dir='ltr'>caderent</span> 
     </span>
     <span class='ocr_line' id='line_1_26' title="bbox 188 2656 1196 2728; baseline -0.001 -15"><span class='ocrx_word' id='word_1_183' title='bbox 188 2674 278 2713; x_wconf 82' lang='lat' dir='ltr'>onines</span> <span class='ocrx_word' id='word_1_184' title='bbox 304 2675 323 2711; x_wconf 91' lang='lat' dir='ltr'>a</span> <span class='ocrx_word' id='word_1_185' title='bbox 347 2659 469 2712; x_wconf 76' lang='lat' dir='ltr'>minibus</span> <span class='ocrx_word' id='word_1_186' title='bbox 494 2658 591 2727; x_wconf 73' lang='lat' dir='ltr'>hydri,</span> <span class='ocrx_word' id='word_1_187' title='bbox 619 2656 712 2711; x_wconf 77' lang='lat' dir='ltr'>Surda</span> <span class='ocrx_word' id='word_1_188' title='bbox 736 2659 808 2712; x_wconf 84' lang='lat' dir='ltr'>nibil</span> <span class='ocrx_word' id='word_1_189' title='bbox 833 2664 945 2728; x_wconf 81' lang='lat' dir='ltr'>pemeret</span> <span class='ocrx_word' id='word_1_190' title='bbox 970 2674 1052 2727; x_wconf 77' lang='lat' dir='ltr'>prave</span> <span class='ocrx_word' id='word_1_191' title='bbox 1079 2659 1196 2712; x_wconf 85' lang='lat' dir='ltr'>bucina&#39;</span> 
     </span>
     <span class='ocr_line' id='line_1_27' title="bbox 189 2727 1200 2852; baseline -0.001 -69"><span class='ocrx_word' id='word_1_192' title='bbox 189 2727 330 2852; x_wconf 57' lang='lat' dir='ltr'>{luvenalis</span> <span class='ocrx_word' id='word_1_193' title='bbox 348 2728 401 2781; x_wconf 92' lang='lat' dir='ltr'>VII</span> <span class='ocrx_word' id='word_1_194' title='bbox 420 2733 452 2782; x_wconf 83' lang='grc'>67</span> <span class='ocrx_word' id='word_1_195' title='bbox 464 2745 523 2796; x_wconf 88' lang='lat' dir='ltr'>sqq.</span> <span class='ocrx_word' id='word_1_196' title='bbox 562 2729 707 2798; x_wconf 82' lang='lat' dir='ltr'>‘dipnitate</span> <span class='ocrx_word' id='word_1_197' title='bbox 729 2731 820 2798; x_wconf 77' lang='lat' dir='ltr'>eques’</span> <span class='ocrx_word' id='word_1_198' title='bbox 841 2728 872 2780; x_wconf 92' lang='lat' dir='ltr'>in</span> <span class='ocrx_word' id='word_1_199' title='bbox 895 2727 956 2781; x_wconf 85' lang='lat' dir='ltr'>sola</span> <span class='ocrx_word' id='word_1_200' title='bbox 978 2728 1115 2781; x_wconf 85' lang='lat' dir='ltr'>Beruensi</span> <span class='ocrx_word' id='word_1_201' title='bbox 1138 2729 1200 2782; x_wconf 85' lang='lat' dir='ltr'>vita</span> 
     </span>
     <span class='ocr_line' id='line_1_28' title="bbox 210 2798 301 2853; baseline 0.011 -1"><span class='ocrx_word' id='word_1_202' title='bbox 210 2798 301 2853; x_wconf 87' lang='lat' dir='ltr'>icitur.</span> 
     </span>
    </p>

    <p class='ocr_par' dir='ltr' id='par_1_10' title="bbox 189 2869 1200 3151">
     <span class='ocr_line' id='line_1_29' title="bbox 263 2869 1200 2938; baseline 0.002 -15"><span class='ocrx_word' id='word_1_203' title='bbox 263 2869 283 2938; x_wconf 80' lang='lat'>⁴)</span> <span class='ocrx_word' id='word_1_204' title='bbox 304 2870 426 2924; x_wconf 78' lang='lat' dir='ltr'>‘heredes</span> <span class='ocrx_word' id='word_1_205' title='bbox 442 2870 508 2937; x_wconf 78' lang='lat' dir='ltr'>feeit</span> <span class='ocrx_word' id='word_1_206' title='bbox 525 2887 559 2923; x_wconf 82' lang='lat' dir='ltr'>cn</span> <span class='ocrx_word' id='word_1_207' title='bbox 576 2870 694 2923; x_wconf 83' lang='lat' dir='ltr'>dimidia</span> <span class='ocrx_word' id='word_1_208' title='bbox 713 2876 793 2938; x_wconf 84' lang='lat' dir='ltr'>parte</span> <span class='ocrx_word' id='word_1_209' title='bbox 816 2869 954 2923; x_wconf 87' lang='lat' dir='ltr'>Valerium</span> <span class='ocrx_word' id='word_1_210' title='bbox 973 2869 1122 2923; x_wconf 85' lang='lat' dir='ltr'>Proculum</span> <span class='ocrx_word' id='word_1_211' title='bbox 1140 2872 1200 2936; x_wconf 81' lang='lat' dir='ltr'>fra·</span> 
     </span>
     <span class='ocr_line' id='line_1_30' title="bbox 189 2939 1200 3011; baseline -0.001 -16"><span class='ocrx_word' id='word_1_212' title='bbox 189 2948 257 2996; x_wconf 83' lang='lat' dir='ltr'>trem</span> <span class='ocrx_word' id='word_1_213' title='bbox 274 2942 330 2994; x_wconf 89' lang='lat' dir='ltr'>alia</span> <span class='ocrx_word' id='word_1_214' title='bbox 345 2946 434 3008; x_wconf 80' lang='lat' dir='ltr'>patre,</span> <span class='ocrx_word' id='word_1_215' title='bbox 452 2957 485 2994; x_wconf 82' lang='lat' dir='ltr'>ea</span> <span class='ocrx_word' id='word_1_216' title='bbox 503 2946 603 3010; x_wconf 81' lang='lat' dir='ltr'>quarta</span> <span class='ocrx_word' id='word_1_217' title='bbox 621 2941 791 3010; x_wconf 83' lang='lat' dir='ltr'>Anpustam&#39;</span> <span class='ocrx_word' id='word_1_218' title='bbox 808 2957 831 2994; x_wconf 91' lang='lat' dir='ltr'>e.</span> <span class='ocrx_word' id='word_1_219' title='bbox 846 2957 872 3008; x_wconf 88' lang='lat' dir='ltr'>q.</span> <span class='ocrx_word' id='word_1_220' title='bbox 888 2957 908 2993; x_wconf 90' lang='lat' dir='ltr'>s.</span> <span class='ocrx_word' id='word_1_221' title='bbox 928 2939 1055 2993; x_wconf 88' lang='lat' dir='ltr'>Donatus</span> <span class='ocrx_word' id='word_1_222' title='bbox 1073 2958 1101 3011; x_wconf 89' lang='lat' dir='ltr'>p.</span> <span class='ocrx_word' id='word_1_223' title='bbox 1118 2946 1152 2994; x_wconf 86' lang='lat'>63</span> <span class='ocrx_word' id='word_1_224' title='bbox 1168 2941 1200 2994; x_wconf 85' lang='lat' dir='ltr'>R.</span> 
     </span>
     <span class='ocr_line' id='line_1_31' title="bbox 190 3010 1198 3136; baseline 0 -70"><span class='ocrx_word' id='word_1_225' title='bbox 190 3013 348 3136; x_wconf 37' lang='lat' dir='ltr'>{tapetibus</span> <span class='ocrx_word' id='word_1_226' title='bbox 370 3010 495 3133; x_wconf 61' lang='lat' dir='ltr'>Appusto</span> <span class='ocrx_word' id='word_1_227' title='bbox 517 3018 542 3065; x_wconf 90' lang='lat' dir='ltr'>ct</span> <span class='ocrx_word' id='word_1_228' title='bbox 566 3011 725 3066; x_wconf 87' lang='lat' dir='ltr'>Maecenate</span> <span class='ocrx_word' id='word_1_229' title='bbox 747 3028 809 3065; x_wconf 83' lang='lat' dir='ltr'>cuni</span> <span class='ocrx_word' id='word_1_230' title='bbox 829 3011 946 3066; x_wconf 81' lang='lat' dir='ltr'>Proculo</span> <span class='ocrx_word' id='word_1_231' title='bbox 968 3012 1072 3065; x_wconf 79' lang='lat' dir='ltr'>atinore</span> <span class='ocrx_word' id='word_1_232' title='bbox 1094 3012 1198 3079; x_wconf 78' lang='lat' dir='ltr'>fratre’</span> 
     </span>
     <span class='ocr_line' id='line_1_32' title="bbox 212 3086 424 3151; baseline -0.009 -15"><span class='ocrx_word' id='word_1_233' title='bbox 212 3099 242 3136; x_wconf 91' lang='lat' dir='ltr'>ro</span> <span class='ocrx_word' id='word_1_234' title='bbox 264 3099 296 3134; x_wconf 90' lang='lat' dir='ltr'>us</span> <span class='ocrx_word' id='word_1_235' title='bbox 315 3086 371 3151; x_wconf 86' lang='lat' dir='ltr'>p.1</span> <span class='ocrx_word' id='word_1_236' title='bbox 419 3123 424 3134; x_wconf 93' lang='lat'>.</span> 
     </span>
    </p>
   </div>
   <div class='ocr_carea' id='block_1_8' title="bbox 262 3149 1272 3230">
    <p class='ocr_par' dir='ltr' id='par_1_11' title="bbox 262 3149 1272 3230">
     <span class='ocr_line' id='line_1_33' title="bbox 262 3149 1272 3230; baseline 0.002 -17"><span class='ocrx_word' id='word_1_237' title='bbox 262 3161 283 3230; x_wconf 77' lang='lat'>⁵)</span> <span class='ocrx_word' id='word_1_238' title='bbox 301 3159 405 3213; x_wconf 84' lang='lat' dir='ltr'>Donati</span> <span class='ocrx_word' id='word_1_239' title='bbox 424 3177 450 3228; x_wconf 92' lang='lat' dir='ltr'>p.</span> <span class='ocrx_word' id='word_1_240' title='bbox 470 3164 502 3212; x_wconf 76' lang='lat'>5⁷</span> <span class='ocrx_word' id='word_1_241' title='bbox 521 3159 553 3213; x_wconf 88' lang='lat' dir='ltr'>R.</span> <span class='ocrx_word' id='word_1_242' title='bbox 573 3161 660 3214; x_wconf 87' lang='lat' dir='ltr'>verba</span> <span class='ocrx_word' id='word_1_243' title='bbox 679 3163 758 3228; x_wconf 86' lang='lat' dir='ltr'>sunt,</span> <span class='ocrx_word' id='word_1_244' title='bbox 777 3160 826 3228; x_wconf 91' lang='lat' dir='ltr'>qui</span> <span class='ocrx_word' id='word_1_245' title='bbox 844 3177 916 3228; x_wconf 91' lang='lat' dir='ltr'>quae</span> <span class='ocrx_word' id='word_1_246' title='bbox 936 3160 1015 3214; x_wconf 89' lang='lat' dir='ltr'>addit</span> <span class='ocrx_word' id='word_1_247' title='bbox 1035 3163 1126 3216; x_wconf 79' lang='lat' dir='ltr'>‘cuius</span> <span class='ocrx_word' id='word_1_248' title='bbox 1145 3165 1202 3217; x_wconf 83' lang='lat' dir='ltr'>eai—</span> <span class='ocrx_word' id='word_1_249' title='bbox 1271 3149 1272 3167; x_wconf 55' lang='lat'>³</span> 
     </span>
    </p>
   </div>
   <div class='ocr_carea' id='block_1_9' title="bbox 189 3230 1204 3372">
    <p class='ocr_par' dir='ltr' id='par_1_12' title="bbox 189 3230 1204 3372">
     <span class='ocr_line' id='line_1_34' title="bbox 189 3230 1204 3301; baseline 0.001 -15"><span class='ocrx_word' id='word_1_250' title='bbox 189 3241 247 3286; x_wconf 83' lang='lat' dir='ltr'>tum</span> <span class='ocrx_word' id='word_1_251' title='bbox 265 3233 315 3286; x_wconf 84' lang='lat' dir='ltr'>snb</span> <span class='ocrx_word' id='word_1_252' title='bbox 333 3232 442 3285; x_wconf 85' lang='lat' dir='ltr'>nomine</span> <span class='ocrx_word' id='word_1_253' title='bbox 456 3230 617 3298; x_wconf 82' lang='lat' dir='ltr'>Daphnidis</span> <span class='ocrx_word' id='word_1_254' title='bbox 635 3232 739 3300; x_wconf 76' lang='lat' dir='ltr'>dellet&#39;,</span> <span class='ocrx_word' id='word_1_255' title='bbox 756 3248 830 3285; x_wconf 84' lang='lat' dir='ltr'>vana</span> <span class='ocrx_word' id='word_1_256' title='bbox 849 3230 1075 3301; x_wconf 83' lang='lat' dir='ltr'>allegoristarum</span> <span class='ocrx_word' id='word_1_257' title='bbox 1093 3233 1204 3288; x_wconf 86' lang='lat' dir='ltr'>fabella</span> 
     </span>
     <span class='ocr_line' id='line_1_35' title="bbox 191 3301 1204 3372; baseline 0 -15"><span class='ocrx_word' id='word_1_258' title='bbox 191 3306 246 3372; x_wconf 84' lang='lat' dir='ltr'>est,</span> <span class='ocrx_word' id='word_1_259' title='bbox 274 3301 396 3372; x_wconf 83' lang='lat' dir='ltr'>repetite</span> <span class='ocrx_word' id='word_1_260' title='bbox 423 3317 440 3354; x_wconf 89' lang='lat' dir='ltr'>a</span> <span class='ocrx_word' id='word_1_261' title='bbox 466 3301 575 3366; x_wconf 86' lang='lat' dir='ltr'>Servio,</span> <span class='ocrx_word' id='word_1_262' title='bbox 603 3301 802 3371; x_wconf 82' lang='lat' dir='ltr'>Phylargyrio,</span> <span class='ocrx_word' id='word_1_263' title='bbox 830 3303 916 3356; x_wconf 88' lang='lat' dir='ltr'>schol.</span> <span class='ocrx_word' id='word_1_264' title='bbox 935 3303 1015 3356; x_wconf 87' lang='lat' dir='ltr'>Bern.</span> <span class='ocrx_word' id='word_1_265' title='bbox 1040 3302 1077 3356; x_wconf 87' lang='lat' dir='ltr'>ad</span> <span class='ocrx_word' id='word_1_266' title='bbox 1105 3303 1158 3358; x_wconf 92' lang='lat' dir='ltr'>ecl.</span> <span class='ocrx_word' id='word_1_267' title='bbox 1179 3304 1204 3356; x_wconf 91' lang='lat' dir='ltr'>V</span> 
     </span>
    </p>
   </div>
   <div class='ocr_carea' id='block_1_10' title="bbox 190 3371 1205 3515">
    <p class='ocr_par' dir='ltr' id='par_1_13' title="bbox 190 3371 1205 3515">
     <span class='ocr_line' id='line_1_36' title="bbox 190 3371 1205 3444; baseline 0.001 -17"><span class='ocrx_word' id='word_1_268' title='bbox 190 3391 249 3444; x_wconf 83' lang='lat' dir='ltr'>arg.</span> <span class='ocrx_word' id='word_1_269' title='bbox 274 3375 303 3427; x_wconf 88' lang='lat' dir='ltr'>et</span> <span class='ocrx_word' id='word_1_270' title='bbox 327 3379 360 3425; x_wconf 77' lang='lat'>20</span> <span class='ocrx_word' id='word_1_271' title='bbox 389 3371 438 3440; x_wconf 88' lang='lat' dir='ltr'>(cf.</span> <span class='ocrx_word' id='word_1_272' title='bbox 464 3371 845 3440; x_wconf 75' lang='lat' dir='ltr'>anthol.Lat.11202B.);</span> <span class='ocrx_word' id='word_1_273' title='bbox 874 3390 908 3427; x_wconf 86' lang='lat' dir='ltr'>ex</span> <span class='ocrx_word' id='word_1_274' title='bbox 935 3373 1036 3441; x_wconf 84' lang='lat' dir='ltr'>quibus</span> <span class='ocrx_word' id='word_1_275' title='bbox 1064 3372 1117 3426; x_wconf 85' lang='lat' dir='ltr'>alii</span> <span class='ocrx_word' id='word_1_276' title='bbox 1145 3375 1205 3428; x_wconf 85' lang='lat' dir='ltr'>alia</span> 
     </span>
     <span class='ocr_line' id='line_1_37' title="bbox 190 3441 1204 3515; baseline 0.003 -19"><span class='ocrx_word' id='word_1_277' title='bbox 190 3444 350 3515; x_wconf 86' lang='lat' dir='ltr'>pugnantia</span> <span class='ocrx_word' id='word_1_278' title='bbox 373 3442 447 3496; x_wconf 88' lang='lat' dir='ltr'>inter</span> <span class='ocrx_word' id='word_1_279' title='bbox 466 3458 495 3495; x_wconf 88' lang='lat' dir='ltr'>se</span> <span class='ocrx_word' id='word_1_280' title='bbox 518 3441 633 3510; x_wconf 90' lang='lat' dir='ltr'>solaque</span> <span class='ocrx_word' id='word_1_281' title='bbox 657 3443 841 3512; x_wconf 70' lang='lat' dir='ltr'>peruersitate</span> <span class='ocrx_word' id='word_1_282' title='bbox 860 3444 965 3498; x_wconf 86' lang='lat' dir='ltr'>similia</span> <span class='ocrx_word' id='word_1_283' title='bbox 983 3444 1204 3500; x_wconf 86' lang='lat' dir='ltr'>somniaverunt.</span> 
     </span>
    </p>
   </div>
   <div class='ocr_carea' id='block_1_11' title="bbox 266 3521 1206 3595">
    <p class='ocr_par' dir='ltr' id='par_1_14' title="bbox 266 3521 1206 3595">
     <span class='ocr_line' id='line_1_38' title="bbox 266 3521 1206 3595; baseline 0.017 -28"><span class='ocrx_word' id='word_1_284' title='bbox 266 3522 288 3591; x_wconf 71' lang='grc' dir='ltr'>ο)</span> <span class='ocrx_word' id='word_1_285' title='bbox 309 3521 462 3591; x_wconf 72' lang='lat' dir='ltr'>&#39;superstite</span> <span class='ocrx_word' id='word_1_286' title='bbox 481 3523 552 3575; x_wconf 85' lang='lat' dir='ltr'>enim</span> <span class='ocrx_word' id='word_1_287' title='bbox 567 3521 650 3576; x_wconf 87' lang='lat' dir='ltr'>Maia</span> <span class='ocrx_word' id='word_1_288' title='bbox 668 3529 753 3578; x_wconf 82' lang='lat' dir='ltr'>niatre</span> <span class='ocrx_word' id='word_1_289' title='bbox 768 3521 890 3577; x_wconf 84' lang='lat' dir='ltr'>Flaccus</span> <span class='ocrx_word' id='word_1_290' title='bbox 907 3525 1051 3590; x_wconf 70' lang='lat' dir='ltr'>mfiuwtm</span> <span class='ocrx_word' id='word_1_291' title='bbox 1068 3531 1116 3592; x_wconf 85' lang='lat' dir='ltr'>est,</span> <span class='ocrx_word' id='word_1_292' title='bbox 1134 3543 1206 3595; x_wconf 72' lang='lat' dir='ltr'>quae</span> 
     </span>
    </p>
   </div>
   <div class='ocr_carea' id='block_1_12' title="bbox 0 0 1291 3958">
    <p class='ocr_par' dir='ltr' id='par_1_15' title="bbox 0 0 1291 3958">
     <span class='ocr_line' id='line_1_39' title="bbox 0 0 1291 3958; baseline 0 0"><span class='ocrx_word' id='word_1_293' title='bbox 0 0 1291 3958; x_wconf 95' lang='lat' dir='ltr'> </span> 
     </span>
    </p>
   </div>
  </div>
 </body>
</html>
