2574 3964
344 275 494 330 vuuolnl
512 275 723 332 GEORGICON
740 278 753 330 Ι
1010 277 1054 341 45

58 459 107 520 per
126 441 253 502 noctem
275 460 424 502 resonare
446 437 533 521 lupis
555 438 756 502 ululantibus
780 439 883 504 urbes.

57 557 115 598 non
136 535 213 599 alias
237 536 324 600 caelo
348 535 528 599 ceciderunt
550 534 644 617 plura
667 557 777 599 sereno

58 633 189 717 fulgura,
210 654 269 696 nec
292 633 353 695 diri
375 633 496 696 totiens
520 653 625 695 arsere
649 636 797 696 cometae.

58 751 126 814 ergo
146 730 231 793 inter
255 751 324 793 sese
345 730 477 813 paribus
501 750 687 794 concurrere
709 729 783 792 telis

57 825 209 890 Romanas
233 827 315 889 acies
338 826 456 889 iterum
478 827 584 889 videre
605 823 785 910 Phr'lipp13'
1001 842 1053 890 490

57 945 107 987 nec
127 923 188 986 tuit
210 923 380 1007 indignum
403 922 541 1006 superis,
564 921 614 985 bis
639 923 793 1006 sanguine
815 925 928 986 nostro

58 1020 232 1083 Emathiam
255 1023 288 1083 et
310 1019 394 1083 latos
417 1018 533 1083 Haemi
554 1020 760 1103 pinguescere
783 1041 919 1103 campos.

58 1118 168 1180 scilicet
191 1121 224 1180 et
246 1120 373 1199 tempus
396 1117 516 1200 veniet,
538 1138 611 1180 cum
632 1116 751 1179 finibus
774 1117 839 1180 illis

57 1215 188 1298 agricola
210 1215 343 1278 incurvo
366 1217 485 1278 terram
507 1214 638 1278 molitus
663 1216 769 1276 aratro

56 1334 143 1375 exesa
164 1312 306 1375 inveniet
329 1311 441 1375 scabra
463 1312 609 1396 robigine
631 1310 711 1394 pila,
1001 1330 1051 1377 495

57 1413 107 1471 aut
129 1408 280 1493 gravibus
303 1408 417 1472 rastris
441 1409 548 1492 galeas
570 1409 713 1491 pulsabit
736 1409 855 1493 inanis,

56 1507 242 1590 grandiaque
265 1506 390 1570 effossis
413 1506 584 1569 mirabitur
607 1525 681 1568 ossa
704 1505 889 1588 sepulchris.

56 1602 86 1664 di
105 1603 199 1685 patrii
222 1603 380 1686 indigetes
405 1605 437 1664 et
459 1600 596 1665 Romule
619 1600 782 1685 Vestaque
805 1606 920 1688 mater,

57 1720 129 1780 quae
150 1699 292 1764 Tuscum
314 1698 457 1762 (tiberim
479 1701 512 1761 et
533 1697 679 1762 Romana
700 1697 826 1763 Palatia
848 1721 970 1785 servas,

55 1795 132 1860 hunc
154 1797 269 1859 saltem
291 1817 401 1859 everso
424 1796 570 1859 iuvenem
593 1817 774 1860 succurrere
798 1797 901 1861 saeclo
999 1816 1051 1863 500

55 1914 90 1955 ne
109 1893 290 1976 prohibete!
314 1893 393 1956 satis
416 1893 626 1976 iampridem
649 1893 803 1977 sanguine
824 1898 938 1958 nostro

55 1988 300 2054 Laomedonteae
323 1989 442 2053 luimus
465 1989 605 2072 periuria
627 1989 753 2073 troiae

55 2088 110 2150 iam
132 2088 256 2170 pridem
278 2087 373 2150 nobis
396 2086 475 2150 caeli
496 2091 529 2150 te
551 2086 654 2171 regia,
676 2084 806 2169 Caesar,
859 2088 863 2094 '

55 2184 176 2270 invidet,
195 2189 292 2268 atque
310 2184 477 2248 hominum
496 2184 642 2267 queritur
660 2205 769 2248 curare
788 2184 978 2270 triumphos,

54 2282 164 2364 quippe
173 2281 232 2344 ubi
240 2282 289 2344 fas
297 2303 425 2344 versum
432 2285 529 2363 atque
535 2281 638 2344 nefas:
647 2285 698 2344 tot
706 2281 791 2345 bella
799 2303 856 2364 per
866 2281 984 2367 orbem,
999 2301 1049 2348 505

53 2381 111 2440 tam
133 2379 256 2441 multae
279 2378 433 2441 scelerum
455 2377 566 2460 facies3
588 2399 655 2440 non
676 2378 762 2441 ullus
785 2382 891 2442 aratro

53 2475 160 2559 dignus
184 2475 302 2558 honos,
326 2475 475 2558 squalent
498 2473 643 2539 abductis
667 2498 742 2539 arva
764 2476 900 2561 colonia,

52 2576 78 2633 et
99 2594 215 2637 cumae
237 2572 378 2656 rigidum
399 2572 496 2635 falces
519 2571 699 2636 conflantur
721 2573 756 2636 in
778 2595 894 2637 ensem.

52 2666 117 2732 hinc
139 2674 250 2734 moret
273 2669 471 2753 Euphrates,
493 2669 583 2732 illinc
606 2668 776 2732 Germania
798 2669 931 2754 bellum3

52 2766 166 2830 uicinae
189 2766 295 2849 ruptis
318 2767 403 2830 inter
427 2787 461 2830 se
481 2766 608 2850 legibus
631 2766 727 2830 urbes
999 2787 1050 2833 510

53 2884 131 2927 arma
154 2865 278 2948 ferunt3
302 2863 402 2928 saevit
424 2867 496 2928 toto
519 2863 606 2928 Mars
629 2863 746 2946 impius
771 2863 861 2928 orbe:

52 2963 81 3021 ut
102 2983 178 3024 cum
200 2961 378 3025 carceribus
402 2982 470 3024 sese
493 2960 629 3025 effudere
653 2961 838 3045 quadrigae,

53 3055 165 3120 addunt
187 3059 223 3121 in
246 3059 363 3142 spatia,
385 3063 418 3122 et
439 3058 561 3122 frustra
582 3058 757 3122 retinacula
779 3059 911 3123 tendens

52 3151 147 3218 fertur
170 3156 261 3240 equis
285 3156 409 3240 auriga,
430 3175 535 3237 neque
558 3155 647 3219 audit
669 3177 781 3218 currus
803 3155 952 3221 habenas.

442 3406 654 3415 *αι-..-
