2574 3964
203 227 245 290 58
502 181 650 280 vaacrm
668 224 876 280 oaoaeroou
895 226 921 280 11

201 410 260 453 nec
282 409 349 452 non
370 387 508 452 Ausonii
531 388 628 452 Troia
650 409 729 472 gens
752 388 850 452 missa
873 389 980 454 coloni
1162 407 1215 456 385

203 485 349 550 versibus
372 485 543 567 incomptis
566 485 683 548 ludunt
705 485 837 570 risuque
860 487 982 573 soluto,

111 645 118 654 ,
204 603 322 666 oraque
345 582 518 646 corticibus
542 585 674 646 sumunt
695 581 855 646 horrenda
877 584 1012 667 cavatis,

112 664 125 704 '³
203 682 236 744 11
259 682 291 742 11
313 677 451 763 Bacche,
473 682 590 750 vocant
612 701 669 761 per
693 679 833 743 carmina
854 679 953 766 laeta,
975 680 1100 764 tibique

204 776 316 840 oscilla
338 798 377 840 ex
401 776 467 840 alta
490 776 690 859 suspendunt
712 776 822 840 mollia
844 778 932 860 pinu.

202 873 278 937 hinc
301 873 405 936 omnis
427 873 518 958 largo
542 873 690 956 pubescit
712 873 805 937 vinea
827 874 909 960 fetu,
1161 893 1216 942 190

205 971 405 1053 complentur
428 970 591 1053 vallesque
615 991 709 1034 cavae
733 970 897 1054 saltusque
920 973 1072 1054 profundi

203 1071 236 1131 et
260 1088 460 1151 quocumque
483 1067 561 1131 deus
584 1068 704 1131 circum
726 1071 822 1150 caput
846 1068 912 1152 agit
935 1069 1116 1134 honestum.

204 1186 280 1249 ergo
304 1165 366 1229 rite
391 1187 485 1228 suum
508 1163 634 1229 Baccho
658 1163 797 1229 dicemus
820 1166 976 1230 honorem

204 1262 398 1326 carminibus
421 1260 550 1345 patriis,
572 1260 742 1346 lancesque
765 1266 798 1326 11
819 1263 886 1326 liba
908 1264 1062 1349 feremus,

204 1363 237 1424 et
260 1359 374 1423 ductus
398 1380 497 1423 cornu
521 1357 621 1422 stabit
645 1380 732 1424 sacer
754 1359 862 1424 hircus
886 1361 1049 1446 adaram,
1162 1379 1215 1428 395

204 1457 399 1541 pinguiaque
422 1457 458 1520 in
479 1455 609 1520 veribus
632 1457 827 1522 torrebimus
851 1461 925 1521 exta
947 1457 1097 1522 columis.

249 1554 311 1617 1111
333 1554 431 1618 etiam
452 1553 509 1618 ille
530 1553 623 1618 labor
646 1554 793 1618 curandis
816 1553 939 1618 vitibus
963 1555 1061 1640 alter,

205 1651 256 1716 cui
264 1672 440 1733 numquam
449 1649 596 1714 exhausti
610 1651 690 1714 satis
707 1655 769 1714 est:
782 1672 920 1735 namque
935 1671 1028 1715 omne
1039 1652 1215 1735 quotannis

204 1752 317 1830 terque
342 1751 517 1830 quaterque
541 1747 646 1812 solum
670 1747 876 1812 scindendum
898 1747 1075 1832 glaebaque
1098 1749 1202 1813 versis
1278 1787 1279 1828 1

205 1849 370 1909 aeternum
392 1843 567 1928 frangenda
590 1843 789 1928 bidentibus,
813 1865 905 1908 omne
927 1843 1099 1908 levandum
1163 1864 1216 1912 400
1278 1835 1279 1844 ¹

204 1942 317 2016 fronde
338 1963 460 2006 nemus.
483 1941 579 2014 redit
604 1942 752 2026 agricolis
776 1942 868 2006 labor
892 1944 981 2005 actus
1004 1940 1040 2004 in
1063 1941 1190 2026 orbem,

204 2045 302 2124 atque
324 2039 359 2102 in
382 2061 415 2103 se
439 2060 497 2103 sua
519 2060 576 2121 per
598 2039 737 2124 vestigia
759 2038 901 2103 volvitur
925 2059 1036 2102 annus.
1140 2041 1142 2046 ’

204 2159 241 2201 10
262 2137 327 2201 iam
350 2136 441 2220 olim,
464 2157 550 2200 seras
573 2136 683 2219 posuit
705 2158 778 2200 cum
799 2135 892 2200 vinea
914 2135 1058 2219 frondes,

204 2234 341 2318 frigidus
364 2237 397 2297 11
421 2233 510 2297 silvis
534 2233 642 2317 aquilo
666 2232 806 2298 decussit
827 2231 998 2316 honorem,

203 2333 269 2396 iam
290 2334 361 2394 tum
383 2351 455 2396 acer
478 2351 569 2394 curas
592 2329 773 2394 venientem
796 2328 940 2393 extendit
961 2328 997 2392 in
1020 2351 1141 2393 annum
1164 2347 1216 2396 ⁴05

204 2429 358 2512 rusticus,
381 2431 413 2492 et
436 2448 532 2490 curvo
556 2423 689 2490 Saturni
711 2426 805 2492 dente
828 2425 973 2490 relictam

204 2525 408 2610 persequitur
431 2524 532 2588 vitem
554 2523 724 2587 attondens
747 2523 905 2606 fingitque
929 2523 1081 2605 putando.

205 2624 327 2707 primus
349 2622 484 2686 humum
506 2620 622 2706 fodito,
645 2621 768 2703 primus
790 2620 921 2684 devecta
944 2624 1084 2684 cremato

205 2722 379 2803 sarmenta,
403 2722 435 2783 et
458 2717 562 2782 vallos
585 2717 708 2800 primus
732 2717 793 2780 sub
815 2721 901 2782 tecta
923 2718 1059 2801 refert03

205 2821 387 2900 postremus
411 2815 533 2879 metito.
580 2815 630 2878 bis
653 2815 775 2878 vitibus
799 2815 922 2899 ingruit
944 2815 1072 2901 umbra,
1164 2834 1217 2884 410

206 2914 256 2978 bis
280 2917 422 2996 segetem
444 2912 551 2976 densis
575 2912 738 2976 obducunt
763 2911 907 2976 sentibus
930 2910 1063 2996 herbae3

205 3012 304 3074 durus
328 3013 463 3093 uterque
485 3009 590 3074 labor:
612 3008 742 3072 laudato
766 3008 1022 3093 ingentia'rura‚

206 3108 359 3191 exiguum
381 3105 487 3169 colito.
532 3125 598 3188 nec
613 3127 679 3168 non
702 3105 799 3170 etiam
822 3127 934 3189 aspera
956 3104 1042 3168 rusci

205 3205 326 3270 vimina
348 3224 405 3286 per
429 3203 543 3266 silvam
566 3206 599 3264 et
621 3202 701 3286 ripis
725 3202 863 3266 fluvialis
885 3202 1030 3265 harundo

206 3300 362 3383 caeditur,
384 3299 561 3380 incultique
585 3304 710 3364 exercet
733 3320 808 3363 cura
831 3298 943 3361 salicti.
1166 3315 1217 3365 415

207 3399 271 3460 iam
293 3396 419 3460 vinctae
442 3395 538 3478 vites,
560 3395 626 3458 iam
647 3396 761 3460 falcem
783 3394 915 3472 arbusta
937 3399 1116 3480 reponunt,

207 3493 273 3556 iam
296 3492 381 3555 canit
406 3491 536 3555 effectos
560 3496 720 3556 extremus
742 3491 863 3554 vinitor
886 3494 992 3555 antes:
