2574 3964
199 223 243 286 56
495 189 642 278 vinam
661 223 871 280 enonoroou
888 225 915 279 11

202 389 335 468 optuma
357 385 474 450 vinetis
499 385 595 470 satio,
619 408 690 448 cum
713 407 786 450 vere
807 387 936 452 rubenti
1272 455 1273 474 ,

201 481 333 546 candida
354 482 442 545 venit
465 483 533 546 avis
556 482 663 566 longis
685 482 789 548 invisa
811 484 966 570 colubris,
1157 502 1211 549 330

201 577 305 661 prima
326 578 377 642 vel
400 578 546 641 autumni
570 578 629 642 sub
652 578 787 666 frigora,
810 602 882 644 cum
904 581 1033 664 rapidus
1058 579 1112 646 Sol

201 675 342 739 nondum
364 675 502 740 hiemem
524 697 560 740 co
585 673 684 760 tingIt
707 677 812 764 equis,
834 679 899 742 iam
916 679 1071 762 praeterit
1094 682 1204 743 aestas

202 794 256 836 ver
280 773 356 837 adeo
379 773 486 836 frondi
508 793 688 858 nemorum,
710 797 765 838 ver
788 776 867 838 utile
891 775 993 860 silvis3

143 913 146 920 -
202 889 274 932 vere
296 872 422 933 tument
444 873 548 932 terrae
571 875 603 933 et
626 871 779 954 genitalia
802 873 924 936 semina
945 878 1091 956 poscunt.

202 970 273 1030 tum
295 970 387 1050 pater
410 966 613 1050 omnipotens
636 967 779 1032 fecundis
802 969 961 1032 imbribus
984 969 1093 1034 aether
1156 987 1212 1034 325

202 1064 347 1149 coniugis
370 1063 405 1127 in
428 1063 585 1148 gremium
607 1064 708 1128 laetae
731 1066 891 1130 descendit
919 1070 951 1130 et
975 1067 1078 1131 omnis

202 1181 338 1244 magnus
362 1159 420 1224 alit
442 1179 559 1243 magno
583 1161 774 1225 commixtus
797 1183 929 1244 corpore
951 1161 1045 1226 fetus.

203 1257 274 1321 avia
296 1261 366 1321 tum
388 1260 541 1321 resonant
564 1257 677 1320 avibus
700 1258 841 1342 virgulta
864 1259 1003 1343 canoris,

204 1357 236 1416 et
258 1351 416 1418 Venerem
438 1353 533 1417 certis
556 1357 706 1437 repetunt
729 1357 872 1417 armenta
894 1353 1020 1438 diebus3

203 1451 344 1534 parturit
368 1451 471 1514 almus
494 1471 582 1535 ager,
604 1449 798 1534 zephyrique
820 1450 1006 1534 tepentibus
1029 1452 1115 1516 auris
1157 1469 1213 1518 330

203 1549 313 1612 laxant
337 1569 413 1612 arva
435 1547 539 1631 sinus;
562 1551 691 1630 superat
713 1551 802 1612 tener
826 1547 974 1612 omnibus
997 1570 1105 1632 umor3

203 1647 301 1727 inque
321 1665 423 1709 novos
447 1645 530 1708 soles
554 1645 671 1708 audent
694 1667 728 1709 se
750 1645 894 1729 germina
916 1647 988 1709 tuto

204 1743 342 1827 credere,
364 1763 422 1806 neo
443 1742 559 1806 metuit
583 1742 743 1826 surgentis
766 1742 935 1824 pampinus
959 1747 1085 1806 austros

205 1845 260 1904 aut
283 1844 390 1904 actum
411 1839 497 1903 caelo
520 1839 646 1924 magnis
670 1837 874 1922 aquilonibus
897 1837 1046 1922 imbrem,

205 1937 259 2001 sed
281 1936 384 2001 trudit
407 1957 547 2020 gemmas
571 1939 603 1998 et
625 1935 752 1999 frondes
777 1935 913 2018 explicat
936 1935 1047 1998 omnis.
1157 1953 1212 2002 333

203 2056 270 2098 non
292 2033 372 2097 alios
394 2033 497 2115 prima
519 2032 689 2096 crescentis
712 2031 836 2116 origine
858 2032 969 2095 mundi

203 2130 359 2196 inluxisse
381 2130 447 2194 dies
471 2130 609 2194 aliumve
629 2129 782 2193 habuisse
803 2131 946 2192 tenorem

204 2227 401 2292 crediderim:
423 2247 478 2290 ver
500 2226 581 2290 illud
603 2229 685 2311 erat,
706 2248 762 2290 ver
783 2247 918 2310 magnus
942 2227 1058 2312 agebat

204 2326 306 2410 orbis,
329 2328 361 2388 et
382 2323 525 2387 hibernis
548 2322 720 2406 parcebant
742 2321 874 2386 flatibus
898 2324 978 2407 euri,

204 2446 276 2488 curn
297 2421 419 2507 primae
441 2421 543 2484 lucem
566 2421 701 2504 pecudes
723 2419 872 2505 hausere,
893 2421 1060 2504 virumque
1158 2439 1211 2486 cro

203 2525 307 2584 terrea
329 2517 498 2602 progenies
521 2517 610 2581 duris
633 2520 729 2600 caput
752 2517 868 2580 extulit
891 2517 990 2601 arvis,

175 2636 177 2647 ·
203 2617 428 2698 immissaeque
449 2615 535 2678 ferae
558 2614 648 2678 silvis
672 2617 704 2677 et
727 2613 830 2678 sidera
852 2614 947 2678 caele.

204 2715 280 2779 *nec
302 2735 353 2776 res
376 2712 462 2776 hunc
485 2715 613 2776 tenerae
635 2715 768 2795 possent
791 2711 929 2795 perferre
952 2709 1111 2795 laborem,

205 2813 232 2874 si
254 2832 320 2874 non
342 2812 434 2872 tanta
457 2809 547 2892 quies
570 2809 632 2872 iret
654 2809 821 2893 frigusque
844 2807 1043 2891 caloremque

204 2909 301 2992 inter,
324 2910 356 2969 et
379 2906 536 2988 exciperet
559 2905 636 2969 caeli
659 2899 859 2990 indulgentia
880 2905 1011 2970 terras*
1158 2925 1211 2972 345

179 3000 182 3011 '
249 3004 340 3081 Quod
354 3005 508 3087 superest,
523 3023 739 3087 quaecumque
752 3004 1027 3087 premes‘virgulta
1039 3025 1096 3086 per
1106 3026 1213 3092 agros,

205 3123 319 3186 sparge
342 3100 417 3164 fimo
440 3099 567 3184 pingui,
590 3103 622 3164 et
644 3100 747 3163 multa
769 3121 890 3164 memor
914 3100 1021 3163 occule
1043 3104 1144 3186 terra,

205 3202 261 3262 aut
283 3197 421 3280 lapidem
443 3195 591 3260 bibulum
615 3201 671 3260 aut
695 3197 871 3280 squalentis
894 3197 1002 3261 infode
1025 3196 1176 3263 conchas:

204 3296 287 3360 inter
311 3294 395 3358 enim
416 3292 566 3357 labentur
588 3315 702 3378 aquae,
724 3294 895 3376 tenuisque
918 3293 1040 3357 subibit

203 3392 334 3474 halitus,
353 3393 450 3473 atque
464 3389 586 3454 animos
605 3390 721 3454 tollent
741 3393 819 3454 sata.
855 3390 982 3475 iamque
995 3391 1128 3476 reperti,
1161 3408 1214 3456 333

204 3490 260 3574 qui
284 3508 360 3552 saxo
386 3507 481 3569 super
504 3489 600 3569 atque
623 3487 763 3571 ingentis
786 3487 925 3571 pondere
947 3491 1048 3552 testae
