2514 3966
183 236 247 299 328
514 232 661 288 VERGILI
679 233 812 288 AENEIS
830 234 855 288 X

183 396 289 481 iungit
313 418 389 480 opes
412 396 587 479 foedusque
609 395 697 478 ferit,
720 399 791 458 tum
814 395 915 458 libera
938 396 997 460 feti

184 493 318 557 classem
341 492 523 558 conscendit
546 492 644 555 iussis
668 513 746 576 gens
769 489 871 574 Lydia
894 491 1011 577 divom,
1139 509 1180 554 111

184 593 315 654 externo
339 589 508 654 commissa
532 589 612 652 duci.
658 589 779 653 Aeneia
802 589 919 672 puppis

184 686 287 769 prima
310 690 408 771 tenet,
431 690 537 750 rostro
561 685 721 770 Phrygios
745 686 916 750 subiuncta
938 686 1056 771 leonae,

184 783 329 846 imminet
351 783 408 846 Ida
432 805 536 869 super,
558 781 705 866 profugis
729 782 913 867 gratissima
936 781 1074 846 Teucris.

184 878 237 942 hic
259 901 394 964 magnus
419 879 507 943 sedet
530 878 655 943 Aeneas
679 901 848 964 secumque
870 879 998 943 volutat

149 1029 154 1043 ,
185 979 317 1039 eventus
341 976 418 1039 belli
441 976 558 1061 varios,
580 974 749 1061 Pallasque
773 978 903 1040 sinistro
1139 993 1184 1041 160

152 1094 156 1159 ζ
186 1072 309 1136 adfixus
332 1073 426 1137 lateri
449 1073 513 1136 iam
537 1073 662 1156 quaerit
686 1073 798 1159 sidera,
821 1096 938 1157 opacae

184 1170 288 1233 noctis
312 1171 384 1254 iter,
406 1170 470 1233 iam
494 1191 575 1252 quae
597 1192 712 1253 passus
736 1174 885 1253 terraque
908 1170 1061 1253 marique.

152 1254 155 1262 ¹
229 1264 363 1329 Pandite
385 1287 471 1329 nunc
493 1265 658 1352 Helicona,
681 1267 765 1352 deae,
788 1271 964 1351 cantusque
986 1270 1120 1352 movete,

187 1384 267 1446 quae
289 1385 403 1426 manus
426 1363 548 1426 interea
571 1363 684 1428 Tuscis
708 1364 878 1428 comitetur
901 1363 941 1427 ab
966 1364 1031 1427 oris

185 1459 317 1524 Aenean
340 1464 504 1543 armetque
527 1463 613 1524 rates
637 1461 815 1546 pelagoque
838 1460 981 1524 vehatur.
1141 1475 1183 1523 115
1239 1513 1240 1516 ,

230 1557 387 1621 Massicus
412 1560 519 1621 aerata
542 1557 690 1641 princeps
714 1561 800 1622 secat
823 1579 963 1640 aequora
986 1558 1078 1643 tigri:

187 1654 246 1718 sub
272 1676 335 1737 quo
358 1653 447 1716 mille
469 1675 582 1717 manus
606 1654 766 1739 iuvenum,
789 1654 844 1737 qui
867 1654 993 1718 moenia
1017 1652 1106 1718 Clusi

187 1751 305 1834 quique
328 1749 441 1813 urbem
463 1750 586 1834 liquere
609 1747 718 1835 Cosas,
742 1751 814 1834 quis
837 1751 902 1815 tela
926 1751 1063 1836 sagittae

187 1847 358 1931 gorytique
380 1847 466 1910 leves
490 1848 607 1911 umeris
631 1851 663 1911 et
685 1849 791 1911 letifer
814 1870 914 1912 arcus.

187 1966 251 2007 una
273 1947 383 2008 torvos
407 1943 509 2008 Abas:
531 1944 607 2008 huic
629 1949 736 2008 totum
758 1946 940 2030 insignibus
965 1946 1062 2010 armis
1141 1962 1184 2009 111
1244 1956 1245 1972 ’

188 2062 302 2126 agmen
325 2045 356 2104 et
380 2045 492 2105 aurato
516 2041 661 2125 fulgebat
684 2041 835 2125 Apolline
858 2041 983 2125 puppis

189 2141 350 2202 sescentos
373 2137 421 2200 illi
445 2138 573 2201 dederat
596 2137 776 2221 Populonia
798 2143 901 2202 mater

188 2238 335 2318 expertos
359 2234 436 2298 belli
459 2235 599 2319 iuvenes,
622 2239 672 2299 ast
695 2235 764 2300 Ilva
787 2239 947 2300 trecentos

187 2331 293 2395 insula
315 2331 514 2395 inexhaustis
538 2328 719 2414 Chalybum
742 2354 897 2418 generosa
914 2333 1063 2397 metallis.

188 2429 303 2494 tertius
326 2428 380 2491 ille
403 2427 571 2491 hominum
594 2429 763 2513 divomque
787 2430 944 2512 interpres
968 2429 1087 2515 Asilas,
1143 2442 1186 2491 uo

188 2528 239 2591 cui
261 2525 417 2609 pecudum
438 2525 547 2610 fibrae,
570 2526 649 2589 caeli
672 2527 725 2590 cui
749 2527 852 2590 sidera
870 2531 985 2609 parent

188 2629 220 2688 et
242 2624 371 2708 linguae
394 2622 563 2685 volucrum
586 2627 619 2686 et
641 2624 788 2708 praesagi
811 2623 955 2688 fulminis
978 2623 1080 2708 ignes,

188 2721 275 2785 mille
298 2719 383 2803 rapit
406 2719 521 2783 densos
546 2719 612 2783 acie
635 2724 731 2804 atque
754 2720 962 2784 horrentibus
986 2719 1097 2783 hastis.

187 2819 248 2884 hos
271 2837 381 2901 parere
403 2815 516 2878 iubent
539 2814 682 2900 Alpheae
706 2816 830 2900 origine
853 2816 955 2900 Pisae,

188 2915 265 2979 urbs
289 2913 427 2977 Etrusca
451 2913 528 2976 solo.
576 2913 721 2997 sequitur
743 2914 976 2996 pulcherrimus
1000 2911 1110 2998 Astur,
1144 2925 1187 2974 180

188 3012 289 3075 Astur
313 3031 394 3093 equo
417 3008 517 3072 fidens
541 3012 573 3072 et
596 3010 841 3074 versicoloribus
865 3011 969 3074 armis.
997 3093 999 3100 Ι

188 3109 366 3171 tercentum
391 3105 532 3169 adiciunt
555 3102 660 3191 (mens
685 3107 833 3171 omnibus
857 3129 921 3172 una
942 3106 1108 3194 sequendi)

189 3205 244 3288 qui
268 3201 399 3267 Caerete
422 3203 526 3288 d0m0,
550 3204 605 3286 qui
629 3208 704 3267 sunt
727 3203 881 3268 Minionis
904 3205 939 3268 in
962 3204 1057 3290 arvis,

188 3307 221 3366 et
243 3300 342 3384 Pyrgi
365 3303 489 3363 veteres
512 3299 787 3383 intempestaeque
811 3299 989 3365 Graviscae.

232 3395 308 3460 Non
332 3416 391 3479 ego
414 3400 456 3479 te,
479 3395 635 3479 Ligurum
659 3396 772 3460 ductor
794 3396 969 3460 fortissime
993 3397 1087 3480 bello,
1144 3405 1187 3456 185

188 3493 380 3577 transierim,
403 3490 538 3578 Cunare,
561 3495 593 3555 et
617 3493 726 3572 paucis
751 3493 901 3556 comitate
925 3491 1065 3578 Cupauo,
