2556 3966
190 249 253 313 318
512 245 659 302 VERGILI
679 243 809 300 AENEIS
828 243 865 298 XI

189 411 331 474 volvitur
355 410 394 474 ad
416 431 525 474 muros
549 407 684 492 caligine
707 405 857 471 turbidus
879 409 949 468 atra

189 507 304 594 pulvis,
327 511 359 572 et
383 529 399 572 e
423 505 559 590 speculis
582 525 750 588 percussae
772 506 902 587 pectora
924 505 1044 566 matres

189 604 361 667 femineum
384 604 555 667 clamorem
579 602 618 665 ad
641 601 719 664 caeli
742 601 846 665 sidera
868 600 997 664 tollunt.

190 701 245 784 qui
268 723 364 764 cursu
386 705 497 784 portas
520 698 617 783 primi
639 699 788 782 inrupere
811 697 961 781 patentis,

188 796 248 860 hos
272 797 400 861 inimica
424 819 519 880 super
541 797 643 861 mixto
666 795 784 878 premit
807 793 933 879 agmine
955 793 1066 877 turba;
1152 810 1207 858 880
1275 865 1276 882 ¹

189 915 247 957 nec
268 894 419 958 miseram
442 893 600 977 effug‘umt
622 895 768 975 mortem,
792 891 846 956 sed
868 891 979 954 limine
1001 890 1144 976 inipso,

190 990 358 1054 moenibus
381 990 416 1053 in
438 990 552 1073 patriis
576 991 672 1072 atque
695 989 781 1052 intra
803 992 876 1052 tuta
899 988 1067 1052 domorum

190 1085 306 1150 confixi
330 1087 477 1169 expirant
500 1086 630 1150 animas.
675 1106 750 1169 pars
775 1084 919 1150 claudere
941 1088 1065 1168 portas:

188 1205 247 1247 nec
270 1184 364 1247 sociis
389 1183 511 1267 aperire
533 1183 619 1246 viam
640 1203 700 1246 nec
721 1181 890 1248 moenibus
914 1181 1032 1246 audent

191 1279 330 1363 accipere
354 1280 486 1365 orantis,
509 1279 675 1362 oriturque
698 1278 879 1344 miserrima
903 1278 1014 1344 caedes
1151 1294 1204 1343 985
1275 1351 1276 1372 ¹

190 1377 413 1440 defendentum
437 1377 534 1440 armis
559 1376 664 1439 aditus
688 1376 785 1459 inque
808 1398 897 1440 arma
919 1380 1078 1440 ruentum.

191 1473 310 1537 exclusi
333 1477 405 1536 ante
429 1474 538 1537 oculos
561 1474 858 1555 lacrumantumque
882 1493 938 1541 ora
959 1475 1133 1555 parentum

190 1592 263 1653 pars
287 1569 329 1632 in
345 1569 530 1653 praecipitis
553 1569 658 1634 fossas
680 1573 815 1654 urgente
838 1569 932 1633 ruina

190 1667 339 1752 volvitur,
362 1667 506 1730 inmissis
529 1688 604 1749 pars
628 1687 718 1730 caeca
742 1670 773 1731 et
796 1667 921 1731 concita
939 1666 1039 1730 frenis

191 1761 305 1825 arietat
328 1762 363 1825 in
385 1766 495 1846 portas
519 1767 551 1826 ct
574 1763 670 1828 duros
695 1763 784 1829 obice
806 1763 919 1847 postis.
1150 1781 1202 1830 890

189 1858 277 1942 ipsae
300 1860 338 1923 de
361 1859 462 1924 muris
486 1881 610 1924 summo
634 1859 805 1924 certamine
827 1863 946 1924 matres

190 1954 364 2041 (monstrat
388 1979 478 2020 amor
500 1979 594 2021 verus
617 1957 750 2044 patriae,
771 1960 809 2020 ut
830 1957 938 2020 videre
961 1953 1147 2046 Camillam)

190 2052 254 2116 tela
276 2075 374 2117 manu
396 2053 539 2138 trepidae
562 2053 683 2116 iaciunt
706 2075 742 2117 ac
765 2053 880 2118 rubore
906 2054 985 2118 duro

191 2149 356 2232 stipitibus
380 2149 500 2214 ferrum
524 2150 719 2234 sudibusque
741 2149 911 2216 imitantur
935 2151 1060 2216 obustis

190 2247 380 2330 praecipites
404 2246 587 2330 primaeque
609 2247 693 2310 mori
714 2269 773 2330 pro
796 2247 965 2312 moenibus
989 2247 1109 2312 ardent.
1149 2267 1202 2315 aas
1275 2241 1276 2308 ἶ

234 2343 361 2408 Interea
384 2343 529 2408 Turnum
551 2344 586 2406 in
609 2343 699 2408 silvis
723 2345 928 2409 saevissimus
954 2346 1066 2429 implet
1119 2377 1121 2382 ·

190 2440 332 2526 nuntius
356 2444 388 2505 et
409 2440 517 2504 iuveni
540 2441 702 2524 ingentem
724 2441 787 2506 fert
809 2441 894 2508 Acca
920 2443 1110 2508 tumultum:

191 2537 309 2601 deletas
333 2535 527 2602 Volscorum
550 2539 641 2624 acies,
664 2539 813 2603 cecidisse
837 2537 1015 2626 Camillam,

190 2635 339 2719 ingruere
362 2633 504 2700 infensos
527 2634 631 2698 hostis
655 2639 687 2700 et
710 2635 815 2700 Marte
838 2637 975 2702 secundo

192 2731 298 2795 omnia
321 2731 523 2816 corripuisse,
545 2735 667 2796 metum
689 2733 811 2797 iamed
832 2735 959 2798 moenia
981 2735 1066 2800 ferri.
1148 2755 1201 2802 900

191 2829 245 2892 ille
267 2829 376 2892 furens
400 2826 447 2914 (et
471 2849 564 2892 saeva
585 2827 672 2893 Iovis
696 2829 742 2894 sic
762 2831 895 2896 numina
917 2831 1056 2920 pellunt)

191 2925 308 2990 deserit
332 2924 481 2990 obsessos
505 2925 606 3011 collis,
627 2947 758 2990 nemora
781 2949 893 3010 aspera
910 2928 1039 3012 linquit.

190 3022 244 3085 vix
268 3043 285 3085 e
308 3024 479 3104 conspectu
503 3022 623 3086 exierat
647 3045 856 3108 campumque
879 3026 1018 3114 tenebat,

191 3140 263 3182 cum
285 3121 377 3201 pater
399 3116 524 3182 Aeneas
549 3119 650 3182 saltus
673 3119 837 3204 ingressus
862 3126 990 3206 apertos
1275 3191 1276 3198 ,

192 3217 424 3298 exsuperatque
447 3215 560 3299 iugum
584 3216 728 3299 silvaque
751 3218 857 3282 evadit
881 3240 986 3303 opaca.
1149 3240 1199 3288 901

192 3312 236 3375 sic
260 3310 354 3374 ambo
379 3311 418 3374 ad
440 3333 550 3376 muros
573 3313 677 3396 rapidi
700 3316 834 3396 totoque
856 3316 1005 3381 feruntur
1275 3305 1276 3310 ¹

192 3409 317 3492 agmine
340 3429 398 3471 nec
421 3407 528 3492 longis
552 3408 637 3472 inter
660 3431 693 3472 se
715 3408 864 3490 passibus
888 3411 1020 3496 absunt3

192 3527 228 3570 ac
250 3503 347 3568 simul
370 3502 494 3566 Aeneas
517 3504 672 3568 fumantis
696 3505 825 3588 pulvere
849 3527 978 3591 campos
