2612 3964
402 255 549 311 VERGILI
568 257 643 310 AEN
647 257 699 312 als
717 257 744 310 11
1012 259 1074 322 129

74 417 205 500 effigiem
228 421 384 502 statuere,
406 418 495 482 nefas
520 440 601 502 quae
623 420 717 483 triste
740 419 851 502 piaret.

74 513 149 578 hanc
169 518 279 578 tamen
300 515 489 578 immensam
512 513 645 579 Calchas
669 516 816 579 attollere
838 517 954 580 molem
1025 532 1074 581 185

74 609 238 674 roboribus
262 611 361 674 textis
385 611 534 695 caeloque
558 613 687 677 educere
710 613 819 699 iussit,

74 728 109 768 ne
130 707 229 790 recipi
251 708 355 791 portis
380 711 436 771 aut
459 709 531 773 duci
553 710 588 772 in
610 710 740 798 moenia·
759 714 870 793 posset

74 811 141 866 neu'
150 804 308 888 populum
332 804 464 888 antiqua
487 805 547 869 sub
570 807 726 892 religione
748 808 840 871 tueri.

74 921 141 962 nam
165 901 194 964 si
216 905 324 965 vestra
346 923 460 966 manus
482 903 635 966 violasset
658 904 741 967 dona
763 903 940 988 Minervae,

75 1000 137 1059 tum
150 1019 305 1082 magnum
319 999 453 1062 exitium
467 995 569 1086 (quod
582 999 614 1063 di
628 1001 718 1083 prius
733 1022 826 1064 omen
840 1001 875 1063 in
887 1002 994 1083 ipsum
1027 1017 1076 1063 190

75 1093 285 1182 convertenti)
307 1094 427 1159 Priami
450 1097 584 1179 imperio
607 1095 855 1182 Phrygibusque
877 1099 1035 1179 futurum3

75 1192 120 1255 sin
139 1194 290 1258 manibus
314 1195 429 1258 vestris
453 1199 593 1258 vestram
615 1195 808 1258 ascendisset
831 1194 867 1256 in
889 1193 1014 1279 urbem,

75 1289 154 1353 ultro
177 1289 291 1354 Asiam
312 1312 430 1375 magno
452 1289 589 1374 Pelopea
612 1291 651 1354 ad
673 1292 799 1355 moenia
823 1290 907 1354 bello

75 1390 249 1472 venturam,
273 1391 306 1452 et
327 1391 457 1452 nostros
480 1409 517 1452 ea
539 1388 606 1452 fata
628 1409 755 1452 manere
778 1386 932 1471 nepotes?

114 1485 245 1548 Talibus
269 1485 394 1548 insidiis
416 1485 600 1568 periurique
623 1489 693 1548 arte
715 1483 844 1548 Sinonis
976 1553 983 1570 υ
1028 1501 1075 1548 195

76 1583 188 1646 credita
210 1604 276 1668 res,
299 1583 447 1666 captique
470 1582 552 1645 dolis
574 1581 778 1665 lacrimisque
800 1581 918 1646 coactis

77 1701 150 1763 quos
173 1701 277 1763 neque
300 1679 437 1762 Tydides
459 1701 518 1743 nec
539 1677 708 1743 Larisaeus
732 1677 887 1763 Achilles,

75 1797 136 1840 non
158 1777 234 1840 anni
257 1777 407 1841 domuere
429 1777 548 1862 decern,
570 1799 636 1840 non
658 1776 745 1839 mille
769 1776 901 1839 carinae.

114 1873 175 1938 Hic
199 1874 286 1937 aliud
308 1875 411 1938 maius
434 1874 559 1938 miseris
582 1874 749 1956 multoque
772 1872 971 1936 tremendum

77 1972 209 2036 obicitur
230 1971 334 2056 magis
359 1975 455 2054 atque
477 1971 644 2054 inprovida
667 1975 797 2054 pectora
819 1970 938 2033 turbat.
1024 1986 1076 2034 200

76 2068 230 2155 Laocoon,
254 2069 368 2132 ductus
392 2066 545 2151 Neptuno
568 2072 655 2132 sorte
679 2069 838 2153 sacerdos,

77 2167 234 2230 sollemnis
257 2170 388 2230 taurum
409 2165 573 2249 ingentem
595 2165 757 2229 mactabat
780 2165 820 2228 ad
842 2187 921 2229 aras.

77 2286 140 2328 eece
162 2267 270 2327 autem
292 2263 411 2347 gemini
435 2286 453 2326 a
475 2261 601 2326 Tenedo
624 2264 798 2347 tranquilla
821 2285 876 2346 per
900 2263 965 2326 alta

77 2359 234 2446 (horresco
257 2358 413 2446 referens)
435 2359 599 2423 immensis
623 2359 756 2423 orbibus
780 2381 899 2444 angues

77 2459 259 2522 incumbunt
281 2457 395 2542 pelago
419 2457 601 2540 pariterque
624 2457 664 2519 ad
686 2457 783 2520 litora
805 2457 956 2540 tendunt3
1024 2474 1074 2522 205

77 2560 198 2638 pectora
221 2575 358 2637 quorum
380 2553 464 2616 inter
486 2553 603 2617 fluctus
626 2558 748 2617 arrecta
770 2554 927 2637 iubaeque

78 2653 262 2737 sanguineae
286 2655 438 2733 superant
459 2651 575 2736 undas,
597 2673 672 2734 pars
695 2654 800 2716 cetera
821 2655 957 2735 pontum

78 2770 151 2830 pone
172 2747 254 2831 legit
277 2745 448 2830 sinuatque
469 2747 624 2811 immensa
645 2749 807 2812 volumine
829 2752 934 2833 terga:

78 2846 108 2909 fit
130 2846 256 2910 sonitus
281 2848 449 2927 spumante
473 2845 553 2929 salo;
576 2845 703 2929 iamque
727 2868 802 2909 arva
826 2845 978 2910 tenebant

79 2943 273 3025 ardentisque
297 2941 405 3004 oculos
430 2941 554 3006 suffecti
578 2941 733 3026 sanguine
756 2946 788 3005 et
811 2942 880 3026 igni
934 2983 937 2990 ·
1024 2961 1074 3007 210

79 3041 163 3104 sibila
185 3038 372 3102 lambebant
394 3039 514 3122 linguis
537 3039 740 3103 vibrantibus
764 3061 827 3103 ora.

77 3137 254 3222 diffugimus
278 3135 350 3199 visu
372 3157 540 3220 exangues.
586 3137 636 3200 illi
659 3137 784 3220 agmine
807 3140 893 3200 certo

77 3231 252 3298 Laocoonta
274 3237 403 3316 petunt:
427 3237 459 3296 et
481 3234 621 3317 primum
643 3256 741 3317 parva
764 3233 902 3298 duorum

77 3351 201 3414 corpora
222 3335 375 3412 natorum
398 3351 527 3414 serpens
551 3331 714 3414 amplexus
738 3335 872 3414 uterque

76 3427 211 3512 implicat
234 3431 266 3492 et
289 3428 423 3491 miseros
445 3449 556 3490 morsu
579 3428 760 3511 depascitur
783 3433 886 3514 artus3
1022 3447 1073 3494 215

76 3530 143 3606 post
164 3528 271 3610 ipsum
294 3525 424 3588 auxilio·
439 3524 629 3588 subeuntem
653 3547 688 3588 ac
711 3524 776 3588 tela
798 3524 952 3588 ferentem

123 3641 238 3688 Rursum
252 3639 337 3689 Vergil.
389 3682 396 3715 ¹.
898 3634 913 3679 9

121 3916 189 3929 .-...1-.
