2538 3970
187 229 253 294 298
518 227 666 284 VERGILI
684 227 817 284 AENEIS
830 229 869 284 1x

188 389 335 476 quisquis
358 391 393 456 in
415 413 503 455 arma
524 390 641 456 vocas?
673 393 707 455 et
729 390 776 455 sic
798 389 914 456 effatus
938 389 979 456 ed
1001 390 1113 454 undem

188 485 345 571 processit
368 507 557 570 summoque
578 483 688 552 hausit
711 487 749 552 de
772 487 901 574 gurgite
923 487 1080 572 lymphas,

188 583 292 648 multa
314 581 390 647 deos
414 603 518 668 orans,
542 583 749 668 oneravitque
772 584 903 650 aethera
924 585 1020 650 votis.

232 677 365 764 Iamque
388 681 492 744 omnis
516 679 636 763 campis
660 681 819 746 exercitus
842 682 913 748 ibat
936 681 1066 768 apertis,
1151 697 1174 744 rs

190 777 278 842 dives
300 797 399 862 ecum,
421 777 508 842 dives
531 777 629 861 pictai
652 777 752 842 vestis
775 781 808 844 et
831 779 902 844 euri

190 871 372 960 (Messapus
396 873 516 958 primas
540 873 632 957 acies,
654 879 818 958 postrema
841 879 988 940 coercent

190 968 367 1055 Tyrrhidae
389 969 529 1056 iuvenes,
550 969 655 1034 medio
679 970 743 1034 dux
766 973 893 1057 agmine
915 967 1069 1058 Turnus),
1153 986 1177 1034 ss

154 1071 157 1081 '
191 1089 248 1132 ceu
272 1069 394 1151 septem
417 1087 552 1152 surgens
576 1067 694 1132 sedatis
718 1069 866 1133 amnibus
890 1067 977 1133 altus
1153 1083 1178 1132 so

190 1185 248 1249 per
270 1163 405 1228 tacitum
429 1161 556 1248 Ganges
579 1167 636 1227 aut
658 1163 772 1250 pingui
795 1165 927 1229 flumine
949 1161 1047 1230 Nilus

191 1283 264 1326 cum
286 1259 394 1325 refluit
417 1260 537 1344 campis
560 1263 593 1323 et
615 1259 680 1324 iam
703 1281 737 1326 se
760 1261 902 1326 condidit
925 1261 1026 1326 alveo.

191 1358 244 1424 hic
267 1357 409 1424 suhitam
430 1357 523 1442 nigro
547 1357 719 1443 glomerari
740 1358 871 1442 pulvere
893 1357 1013 1422 nubem

192 1455 393 1540 prospiciunt
416 1453 530 1518 Teucri
553 1475 590 1518 ac
611 1454 760 1520 tenebras
783 1454 951 1539 insurgere
974 1455 1101 1539 campis.

193 1553 315 1636 primus
339 1552 379 1616 ab
403 1551 534 1616 adversa
556 1551 734 1616 conclamat
756 1552 840 1618 mole
863 1549 992 1618 Caicus:

194 1649 278 1735 ‘quis
302 1647 428 1734 globus,
451 1669 470 1713 0
494 1649 587 1735 cives,
610 1649 745 1734 caligine
767 1647 909 1712 volvitur
931 1647 1024 1712 atra?

194 1747 274 1812 ferte
297 1745 353 1810 citi
375 1747 504 1830 ferrum,
527 1745 599 1810 date
622 1745 696 1831 tela,
719 1745 877 1810 ascendite
899 1766 1021 1831 muros,

193 1843 298 1909 hostis
322 1843 420 1928 adest,
441 1840 539 1908 heiai'
562 1842 687 1927 ingenti
709 1841 847 1906 clamore
869 1863 926 1924 per
949 1841 1054 1906 omnis

194 1939 334 2006 condunt
358 1959 391 2004 se
414 1939 528 2004 Teucri
550 1943 660 2023 portas
683 1942 716 2004 et
738 1937 864 2003 moenia
886 1937 1057 2024 complent.

194 2057 330 2120 namque
354 2035 400 2100 ita
422 2033 585 2100 discedens
608 2039 811 2120 praeceperat
835 2039 987 2119 optumus
1011 2035 1106 2108 armis
1157 2050 1184 2098 to

194 2131 331 2198 Aeneas:
356 2133 448 2218 siqua
471 2132 593 2196 interea
615 2131 746 2198 fortuna
767 2133 891 2216 fuisset,

194 2251 256 2295 neu
280 2233 402 2293 struere
426 2229 578 2294 auderent
601 2229 701 2294 aciem
722 2249 785 2293 neu
808 2229 933 2293 credere
956 2251 1082 2315 campo;

195 2329 299 2392 castre
321 2325 415 2391 modo'
439 2329 472 2391 et
495 2328 584 2390 tutos
609 2330 771 2391 servarent
794 2345 910 2411 aggere
932 2347 1052 2392 muros.

195 2445 271 2510 ergo
295 2423 356 2487 etsi
379 2423 522 2487 conferre
544 2443 675 2488 manum
697 2423 801 2507 pudor
824 2424 935 2507 iraque
957 2427 1125 2511 monstrat,

196 2521 339 2588 obiciunt
361 2523 472 2604 portes
495 2523 603 2584 tamen
626 2523 658 2584 et
680 2525 849 2604 praecepta
871 2521 1033 2586 facessunt
1159 2537 1186 2586 45

196 2617 373 2701 armatique
396 2617 481 2682 cavis
505 2621 673 2700 expectent
696 2617 840 2682 turribus
862 2616 997 2682 hostem.

195 2713 322 2780 Turnus
345 2716 383 2778 ut
406 2713 615 2778 antevolans
638 2715 765 2779 tardum
788 2719 1003 2799 praecesserat
1027 2737 1137 2803 agmen

195 2811 312 2897 viginti
334 2811 426 2875 lectis
450 2809 595 2895 equitum
617 2813 799 2899 comitatus,
822 2816 854 2877 et
876 2811 950 2877 urbi

196 2909 378 2993 inprovisus
402 2907 507 2993 adest3
530 2909 663 2974 maculis
687 2931 780 2994 quem
804 2909 958 2975 Thracius
983 2909 1065 2975 albis

195 3009 305 3091 portat
328 3025 427 3090 equos
451 3006 612 3088 cristaque
634 3007 716 3092 tegit
740 3008 830 3091 galea
853 3029 949 3072 aurea
971 3007 1077 3072 rubra.
1162 3021 1188 3070 so

197 3103 315 3187 'ecquis
340 3101 410 3188 erit,
432 3123 565 3187 mecum,
587 3103 728 3188 iuvenes
750 3103 806 3188 qui
828 3105 951 3187 primus
974 3103 1010 3168 in
1031 3101 1171 3169 hostem?

197 3201 246 3266 en’
271 3201 317 3266 ait
340 3203 372 3264 et
395 3199 534 3264 iaculum
557 3203 745 3285 attorquens
769 3200 889 3264 emittit
912 3200 948 3264 in
970 3222 1074 3286 aures,

196 3297 389 3384 principium
412 3317 548 3383 pugnae,
571 3301 603 3362 et
626 3319 736 3381 campo
761 3317 829 3363 sese
853 3297 970 3362 arduos
993 3297 1097 3362 infert.

197 3499 328 3562 vertitur
352 3515 434 3556 arma
457 3501 561 3557 tenens
585 3499 615 3556 et
637 3500 701 3558 toto
726 3497 837 3558 vertice
862 3517 953 3576 supra
975 3501 1030 3560 est.
1164 3507 1190 3556 ss
