2530 3960
514 253 611 310 CIRIS.
1001 257 1067 320 425

34 437 193 499 namque
217 416 295 480 alias
320 416 374 479 alii
398 415 494 500 volgo
518 417 638 480 finxere
661 418 794 502 puellas²

36 537 134 599 quae
160 512 398 597 Colophoniaco
423 510 548 596 Scyllae
571 515 717 578 dicantur
739 515 889 581 Homero.
1033 531 1066 582 00

34 613 118 695 ipse
146 607 298 674 Crataein
320 609 367 673 ait
390 613 537 695 matrem3
562 612 617 674 sed
640 612 706 676 sive
730 610 874 677 Crataeis

36 709 116 771 sive
143 707 235 770 illam
256 710 438 770 monstrum
462 707 573 791 genuit
600 727 697 792 grave
719 708 864 773 Echidna
887 709 1044 794 biformis,

36 806 116 870 sive
144 807 195 868 est
216 806 330 866 neutra
353 825 469 886 parens
493 808 590 888 atque
612 803 730 869 hocin
753 807 893 871 carmine
915 809 986 870 toto

35 901 199 987 inguinis
222 904 270 964 est
292 900 408 964 vitium
432 903 463 964 et
487 899 622 964 Veneris
646 901 804 985 descripta
826 902 940 988 libid03

37 1003 116 1064 sive
144 999 242 1062 etiam
264 997 357 1060 iactis
382 997 519 1080 speciem
541 1002 666 1062 mutata
688 1001 816 1063 venenis
1031 1017 1064 1064 ‘10

35 1096 167 1162 infelix
190 1095 281 1179 virgo
305 1091 399 1180 (quid
421 1094 507 1158 enim
529 1096 731 1160 commiserat
753 1097 832 1160 illa?

36 1200 119 1280 ipse
144 1197 238 1276 pater
260 1191 407 1255 timidam
430 1213 523 1255 saeva
545 1193 729 1275 complexus
753 1215 848 1257 arena

37 1290 242 1374 coniugium
264 1291 370 1352 castae
392 1288 568 1351 violaverat
591 1287 820 1374 Amphitrites3

37 1395 197 1455 attamen
220 1385 326 1469 exegit
349 1384 446 1468 longo
470 1390 546 1469 post
569 1389 712 1469 tempore
735 1409 864 1474 poenas,

36 1493 91 1572 ut,
119 1506 197 1549 cum
220 1503 295 1546 cura
319 1481 369 1545 sui
392 1481 561 1545 veheretur
585 1483 731 1567 coniugis
755 1484 830 1568 alto,
1030 1502 1064 1551 ro

36 1587 121 1669 ipsa
145 1586 269 1644 trucem
292 1579 395 1642 multo
418 1578 566 1642 misceret
590 1582 744 1665 sanguine
768 1579 932 1669 pontum);

38 1705 105 1747 seu
133 1699 220 1762 vero,
242 1680 279 1740 ut
302 1676 482 1760 perhibent,
504 1676 607 1738 forma
630 1697 703 1739 cum
725 1677 866 1741 vinceret
889 1678 993 1742 omnis

38 1787 74 1846 et
102 1775 241 1858 cupidos
266 1777 401 1857 quaestu
424 1773 546 1853 passim
568 1773 737 1855 popularet
761 1779 914 1859 amantes,

36 1871 220 1942 horribilis
244 1871 362 1934 circum
384 1868 466 1932 vidit
489 1889 523 1930 se
547 1869 659 1932 sistere
682 1870 801 1934 formas
1029 1890 1063 1937 80

37 1971 197 2060 piscibus
221 1973 253 2032 et
275 1965 470 2048 canibusque
493 1965 587 2029 malis
610 1965 729 2029 vallata
751 1973 914 2051 repentest
1030 1989 1063 2035 10

37 2072 130 2159 (heu
155 2064 304 2149 quotiens
327 2063 443 2126 mirata
464 2083 565 2126 novos
589 2063 744 2145 expalluit
768 2068 870 2128 artus!

36 2172 122 2252 ipsa
147 2183 224 2226 suos
248 2160 396 2244 quotiens
419 2159 482 2222 heu
506 2159 674 2241 pertimuit
696 2159 871 2247 latratusl),

38 2285 130 2330 ausa
155 2258 241 2342 quod
264 2261 313 2320 est
335 2256 450 2320 mulier
472 2276 592 2319 numen
614 2257 760 2320 fraudare
783 2258 915 2322 deorum

37 2368 76 2427 et
104 2359 229 2422 dictam
250 2352 369 2418 Veneri
392 2356 542 2416 votorum
566 2356 707 2415 avertere
730 2375 873 2441 poenam,

39 2478 159 2544 quam,
182 2453 267 2516 mala
288 2449 628 2533 multiplici-iuvenum
648 2450 733 2532 quod
757 2456 866 2534 saepta
889 2457 1016 2518 caterva
1029 2471 1061 2519 85

37 2555 178 2620 vixerat
202 2553 298 2632 atque
321 2548 427 2612 animo
451 2546 602 2609 meretrix
626 2547 745 2610 iactata
767 2549 916 2636 ferarum,

37 2653 204 2717 infamem
226 2646 285 2709 tali
308 2645 423 2708 merito
446 2665 574 2706 rumore
596 2644 696 2706 fuisse

39 2751 148 2813 docta
170 2742 402 2826 Palaepaphiae
424 2744 564 2805 testatur
586 2761 663 2803 voce
685 2739 869 2824 Pachynus:

40 2841 210 2930 quidquid
233 2844 264 2903 et
287 2843 324 2902 ut
348 2840 483 2922 quisque
506 2841 556 2900 est
578 2837 637 2900 tali
660 2837 698 2900 de
721 2839 809 2900 clade
830 2839 968 2926 locutus,

41 2939 179 3006 somnia
202 2939 291 3019 sunt3
314 2935 423 3018 potius
446 2933 540 2997 liceat
558 2937 721 2996 notescere
744 2935 825 2998 cirin
1028 2956 1062 3006 90

40 3043 150 3120 atque
173 3055 269 3096 unam
293 3053 331 3095 ex
353 3031 465 3095 multis
489 3026 628 3113 Scyllam
650 3053 716 3094 non
739 3053 808 3095 esse
830 3035 954 3116 puellis,

41 3153 151 3220 quare
174 3151 256 3214 quae
278 3133 391 3193 cantus
414 3128 583 3192 meditanti
605 3128 733 3192 mittere
756 3135 886 3212 coeptos

40 3250 169 3314 magna
192 3226 272 3290 mihi
295 3225 410 3308 cupido
433 3225 595 3288 tribuistis
618 3225 768 3311 praemia,
791 3226 881 3291 divae

41 3324 203 3408 Pierides,
225 3344 361 3407 quarum
384 3325 490 3384 castos
514 3323 633 3386 alvaria
656 3326 765 3405 postes

42 3442 182 3516 munere
206 3441 299 3502 saepe
322 3440 393 3484 meo
417 3418 565 3483 inficiunt
586 3419 775 3504 foribusque
797 3420 964 3506 hyacinthi
1027 3441 1059 3489 95

42 3520 215 3604 deponunt
237 3516 332 3580 flores
356 3519 411 3579 aut
435 3537 530 3580 suave
553 3516 671 3580 rubens
693 3517 854 3582 narcissus
