2576 3970
190 230 255 332 Ι246
515 266 662 322 VERGILI
681 267 865 323 55551811

141 503 146 525 ι
191 451 274 494 unus
298 429 354 514 qui
375 429 471 494 nobis
495 430 673 494 cunctando
696 430 848 494 restitues
872 429 962 494 rem?

192 526 347 590 excudent
370 526 425 589 alii
449 526 604 610 spirantia
627 526 757 591 mollius
781 549 854 591 aera

193 620 283 710 (cedo
307 619 478 710 equidem),
500 621 591 688 vivos
615 623 731 688 ducent
754 623 792 687 de
814 645 973 688 marmore
997 623 1114 710 voltus,

80 748 86 777 ι
130 734 136 802 J
192 721 332 784 orabunt
354 742 465 785 causas
488 721 613 805 melius,
637 721 778 804 caelique
800 723 925 783 meatus

192 816 372 881 describent
395 817 484 881 radio
508 821 540 880 et
564 818 729 901 surgentia
753 817 856 881 sidera
879 817 997 881 dicent:
1143 834 1186 882 855

193 918 230 978 111
253 935 363 999 regere
386 914 520 999 imperio
544 914 691 999 populos,
714 912 867 1000 Romane,
889 918 1050 978 memento

193 1009 286 1097 (haec
308 1010 369 1074 tibi
392 1015 486 1075 erunt
510 1007 609 1097 artes)
633 1010 768 1094 pacique
791 1011 954 1094 imponere
976 1030 1110 1095 morem,

192 1131 320 1196 parcere
344 1109 496 1173 subiectis
520 1111 552 1172 et
575 1107 732 1172 debellare
757 1107 932 1191 superbos?

116 1218 118 1234 '
238 1205 290 1272 Sic
313 1209 404 1289 115151
426 1204 594 1290 Anchisae,
618 1208 714 1288 atque
736 1204 815 1269 11555
836 1204 1032 1269 mirantibus
1056 1204 1150 1268 addit:

194 1305 321 1390 ‘aspice
343 1307 380 1368 ut
403 1303 540 1387 insignis
564 1302 680 1386 spoliis
700 1301 870 1367 Marcellus
894 1302 1011 1386 opimis
1144 1317 1187 1365 855

193 1401 373 1488 ingreditur
396 1400 562 1484 victorque
586 1399 672 1462 viros
697 1421 792 1482 super
815 1399 934 1463 eminet
957 1397 1071 1463 omnis.

193 1500 246 1565 hie
268 1521 336 1564 rem
358 1497 537 1562 Romanam
558 1516 675 1580 magno
699 1496 850 1560 turbante
872 1496 1016 1560 tumultu

195 1598 297 1682 sistet,
319 1617 415 1679 eques
440 1597 560 1658 sternet
582 1591 707 1656 Poenos
732 1589 923 1676 Gallumque
946 1591 1107 1678 rebellem,

194 1694 353 1778 tertiaque
377 1714 464 1756 arma
486 1691 572 1775 patri
596 1689 768 1774 suspendet
791 1693 885 1773 capta
908 1687 1064 1764 Quirino?

195 1797 291 1875 atque
313 1790 366 1854 1115
388 1789 513 1853 Aeneas
537 1785 616 1874 (una
637 1807 776 1870 namque
799 1786 845 1850 ire
867 1785 997 1850 videbat
1145 1803 1189 1852 885

195 1888 359 1974 egregium
381 1886 485 1951 forma
508 1885 654 1949 iuvenem
678 1887 710 1948 et
733 1883 932 1968 fulgentibus
957 1885 1069 1970 armis,

195 1986 251 2050 sed
272 1985 363 2048 frons
386 1983 470 2047 15515
492 2003 605 2066 parum
629 1985 661 2044 et
684 1980 805 2046 deiecto
829 1981 951 2046 lumina
973 1979 1080 2068 voltu)

195 2083 290 2168 ‘quiq
313 2085 413 2165 pater,
436 2079 500 2163 ille,
522 2078 627 2142 virum
651 2078 706 2161 qui
731 2079 776 2142 515
799 2078 971 2143 5515115151
994 2079 1140 2144 euntem?

194 2179 281 2244 filius
305 2199 385 2242 anne
409 2175 525 2260 aliquis
548 2194 664 2258 magna
687 2175 725 2239 de
749 2175 854 2259 stirpe
869 2175 1045 2260 nepotum?

195 2277 252 2361 qui
267 2275 421 2359 strepitus
436 2273 519 2338 51155
533 2273 700 2336 5551115511
716 2276 871 2356 quantum
885 2272 989 2336 instar
1002 2273 1038 2336 in
1051 2273 1132 2358 111551
1146 2288 1189 2338 855

196 2375 251 2440 sed
274 2395 339 2437 nox
364 2375 433 2435 atra
456 2373 551 2454 eaput
574 2369 663 2432 tristi
686 2369 1052 2434 51155511515111151115.’

196 2476 267 2536 tum
289 2473 382 2554 pater
404 2467 560 2532 Anchises
584 2465 724 2529 lacrimis
748 2466 911 2550 ingressus
936 2465 1061 2530 obortis

197 2570 227 2632 ‘o
251 2570 356 2652 gnate,
379 2565 542 2649 ingentem
564 2563 686 2627 luctum
708 2583 749 2627 ne
773 2583 888 2646 quaere
911 2565 1051 2626 tuorum.

197 2663 365 2729 ostendent
387 2662 483 2726 terris
506 2659 591 2724 hunc
614 2663 740 2722 tantum
762 2659 829 2723 fata
850 2679 954 2742 neque
977 2659 1064 2724 ultra

197 2783 266 2826 5555
289 2761 402 2824 515551.
448 2758 584 2822 5115111111
606 2757 699 2821 vobis
723 2755 868 2820 Romana
890 2777 1034 2840 propago
1147 2771 1192 2821 818

196 2859 265 2924 visa
287 2861 412 2942 potens,
436 2855 552 2939 superi,
575 2854 705 2938 propria
728 2853 806 2917 haec
829 2853 857 2917 si
879 2853 963 2917 dona
985 2855 1129 2918 fuissent.

198 2958 335 3039 quantos
359 2954 414 3017 ille
436 2953 542 3016 virum
564 2971 714 3035 magnam
737 2948 894 3014 Mavortis
918 2950 957 3014 ad
980 2950 1093 3015 urbem

197 3073 327 3134 campus
351 3053 425 3134 aget
447 3049 600 3134 gemitus!
623 3047 675 3110 vel
698 3068 788 3133 quae,
811 3047 969 3132 Tiberine,
991 3047 1113 3112 videbis

197 3149 318 3232 funera,
340 3169 413 3211 cum
435 3146 595 3210 tumulum
616 3144 851 3234 praeterlabere
873 3145 1045 3210 recentem!

197 3267 256 3312 nec
278 3266 358 3329 puer
380 3243 478 3307 111555
501 3243 672 3327 quisquam
695 3241 733 3305 de
757 3245 851 3326 gente
874 3240 1008 3306 Latinos
1148 3255 1192 3306 815

198 3336 232 3408 iri
255 3345 382 3406 tantum
405 3361 461 3424 spe
484 3340 577 3404 tollet
601 3360 687 3423 avos,
708 3359 767 3402 nec
789 3337 928 3402 Romula
952 3338 1112 3422 quondam

198 3438 265 3502 ullo
290 3458 323 3500 se
347 3438 474 3500 tantum
496 3435 593 3498 tellus
618 3434 751 3498 iactabit
774 3435 911 3499 alumne.

197 3535 261 3600 heu
284 3532 396 3618 pietas,
418 3531 481 3594 heu
503 3532 607 3614 prisca
630 3530 708 3594 fides
732 3530 914 3614 invictaque
937 3528 1023 3594 bello
