2576 3970
405 245 554 300 VERGILI
572 245 704 302 AENEIS
722 247 761 302 VI
1009 247 1074 312 237

79 429 150 489 0055
172 407 299 490 rapidus
323 406 461 471 flammis
485 407 585 472 ambit
608 409 807 473 torrentibus
832 410 944 495 amnis,
1023 427 1075 475 550

79 503 237 567 Τ55555505
260 501 472 588 Phlegethon,
495 508 689 588 torquetque
713 507 861 570 sonantia
885 529 969 572 saxa.

79 605 162 682 porta
183 601 314 664 adversa
337 601 462 685 ingens,
485 601 651 684 solidoque
675 603 842 667 adamante
865 604 1040 689 columnae,

79 698 121 760 vis
142 701 176 762 05
197 697 286 761 nulla
308 697 423 782 virum,
444 718 512 762 non
533 697 597 780 ipsi
620 700 785 764 excindere
808 700 893 764 bello

80 795 231 858 caelicolae
254 794 395 878 valeant3
419 797 485 858 stat
507 794 609 858 ferrea
632 796 732 860 turris
756 797 796 860 ad
819 819 922 882 auras,

80 889 302 974 Tisiphoneque
326 889 447 976 sedens,
469 890 556 974 palla
578 892 738 956 succincta
761 895 902 978 cruenta,
1023 910 1074 958 555

81 985 261 1050 vestibulum
284 987 445 1050 exsomnis
470 990 576 1050 servat
597 991 772 1073 noctesque
795 989 932 1072 diesque.

79 1081 144 1146 hinc
164 1082 305 1146 exaudiri
329 1083 468 1167 gemitus
491 1087 524 1147 55
547 1106 641 1150 55555
665 1107 777 1151 sonare

79 1179 206 1265 verbera,
228 1183 300 1244 tum
322 1179 442 1246 stridor
464 1181 542 1244 ferri
564 1185 748 1268 tractaeque
771 1187 908 1249 catenae.

78 1276 213 1339 constitit
235 1274 360 1340 Aeneas
384 1276 618 1362 strepitumque
641 1281 813 1344 exterritus
836 1280 953 1346 hausit.

78 1373 161 1456 ‘quae
182 1373 336 1436 scelerum
358 1372 476 1438 facies?
500 1396 518 1438 o
542 1376 644 1461 virgo,
668 1377 775 1462 effare3
799 1378 956 1461 quibusve
1022 1396 1074 1444 550

77 1474 221 1554 urgentur
244 1469 379 1552 poenis?
403 1471 475 1553 quis
498 1475 609 1536 tantus
633 1473 763 1557 clangor
786 1473 826 1536 ad
849 1475 969 1544 auris‘l'

76 1572 139 1630 tum
160 1571 248 1630 vates
272 1567 319 1630 sic
343 1587 415 1631 orsa
437 1567 540 1650 loqui:
565 1569 639 1632 ‘dux
661 1570 781 1634 inclute
804 1569 970 1657 Teucrum,

75 1665 148 1728 nulli
168 1665 216 1728 fas
240 1667 329 1727 casto
354 1664 542 1728 sceleratum
564 1666 713 1731 insistere
735 1667 847 1752 limen3

76 1762 125 1825 sed
145 1783 194 1826 me
215 1783 288 1824 cum
310 1761 392 1824 lucis
414 1760 535 1826 Hecate
557 1763 710 1847 praefecit
733 1761 878 1849 Auernis,

76 1859 138 1941 ipsa
158 1859 251 1921 deum
274 1879 394 1941 poenas
418 1858 527 1922 docuit
549 1881 670 1943 perque
693 1861 800 1924 omnia
822 1862 922 1926 duxit.
1022 1880 1073 1928 555
1121 1931 1123 1936 ,

77 1955 201 2022 Cnosius
224 1956 303 2020 haec
325 1954 590 2021 Rhadamanthus
613 1958 712 2022 habet
736 1957 907 2023 durissima
929 1979 1027 2042 regna

76 2055 264 2140 castigatque
289 2052 441 2136 auditque
464 2052 554 2118 dolos
578 2055 763 2140 subigitque
786 2055 890 2140 fateri,

78 2173 147 2234 quae
170 2151 241 2235 quis
266 2149 350 2234 apud
373 2171 514 2234 superos,
537 2151 624 2216 furto
646 2152 785 2216 laetatus
807 2153 906 2237 inani,

77 2249 192 2312 distulit
214 2247 249 2310 in
272 2268 375 2310 seram
398 2247 568 2312 commissa
589 2249 715 2332 piacula
737 2253 881 2313 mortem.

78 2346 216 2410 continuo
241 2343 345 2407 sontis
367 2343 468 2408 ultrix
491 2345 632 2409 accincta
655 2345 782 2430 flagello
1022 2365 1073 2412 550

78 2441 239 2526 Tisiphone
263 2439 370 2524 quatit
392 2439 562 2528 insultans,
584 2446 759 2527 torvosque
783 2443 914 2507 sinistra

79 2539 229 2604 intentans
252 2537 367 2622 anguis
391 2541 484 2602 vocat
508 2539 636 2624 agmina
659 2562 752 2605 saeva
774 2541 940 2605 sororum?

79 2635 151 2721 (tum
172 2637 300 2700 demum
321 2633 492 2698 horrisono
517 2637 689 2702 stridentes
713 2638 839 2702 cardine
863 2659 969 2702 sacrae

80 2735 250 2814 panduntur
272 2729 410 2818 portae.)
457 2733 580 2817 bernis,
603 2735 747 2798 custodia
771 2735 874 2818 qualis

81 2832 225 2896 vestibulo
249 2829 377 2893 sedeat?
400 2829 495 2894 facies
520 2853 601 2913 quae
623 2831 735 2894 limina
758 2833 884 2895 servet?
1022 2851 1073 2900 575

82 2928 301 3012 quinquaginta
324 2926 403 2990 atris
427 2927 576 2990 immanis
599 2927 742 2992 hiatibus
766 2929 867 3012 hydra

83 3027 189 3090 saevior
211 3025 300 3088 intus
323 3022 421 3087 habet
445 3025 557 3088 sedern.
603 3029 674 3088 turn
697 3024 851 3088 Tartarus
875 3026 943 3109 ipse
1036 3055 1037 3059 ¹

82 3117 120 3185 bis
139 3126 229 3207 patet
252 3122 287 3184 in
309 3142 459 3205 praeceps
483 3125 611 3186 tantum
632 3122 798 3205 tenditque
822 3122 882 3186 sub
906 3123 1046 3209 umbras,

84 3225 205 3299 quantus
230 3219 269 3282 ad
292 3217 470 3282 aetherium
493 3220 571 3283 caeli
594 3223 760 3302 suspectus
785 3217 965 3303 Olympum.

82 3312 122 3380 hic
140 3339 240 3404 genus
264 3315 430 3400 antiquom
453 3315 578 3400 Terrae,
600 3315 728 3380 Titania
750 3316 862 3400 pubes,
1022 3334 1073 3382 550

84 3411 198 3480 fulmine
221 3413 334 3478 deiecti
356 3413 454 3477 fundo
478 3413 649 3476 volventur
671 3413 706 3476 in
728 3414 801 3477 im0.

83 3503 122 3573 hic
140 3515 171 3576 et
193 3510 326 3576 Aloidas
350 3510 495 3595 geminos
518 3509 669 3573 immania
692 3510 758 3572 vidi
