2556 3966
670 143 693 188 k

516 256 643 314 CELEX.

74 423 179 487 mitem
202 423 350 505 concepit
373 421 533 504 proiectus
557 421 700 484 membra
723 441 880 504 soporem,

74 521 181 584 anxius
205 519 332 583 insidiis
355 517 464 602 nullis,
487 518 542 582 sed
563 519 671 581 lentus
694 519 728 582 in
750 517 859 580 herbis

74 639 179 681 securo
203 638 335 700 pressus
359 637 471 680 somno
494 617 700 680 mandaverat
724 619 827 678 artus:
1029 631 1080 678 100

74 717 191 777 stratus
214 714 307 778 humi
330 712 453 776 dulcem
476 712 622 796 capiebat
645 712 738 776 corde
762 713 912 796 quietem,

16 865 17 874 ,
73 811 104 873 ni
125 811 206 874 Fors
230 811 371 874 incertos
394 809 541 874 iussisset
564 809 677 874 ducere
699 831 799 874 casus.

73 930 143 971 nam
167 907 302 971 solitum
325 907 456 970 volvens
475 907 515 970 ad
537 911 663 990 tempus
686 906 843 970 tractibus
867 905 966 968 isdem

72 1004 219 1091 immanis
243 1004 333 1068 vario
356 1003 534 1068 maculatus
558 1025 689 1086 corpore
713 1025 852 1088 serpens,

72 1123 193 1164 mersus
217 1105 255 1164 ut
278 1102 312 1164 in
334 1100 413 1164 limo
436 1121 552 1185 magno
577 1101 755 1165 subsideret
778 1105 878 1184 aestu,
1030 1116 1080 1163 105

73 1199 164 1262 obvia
188 1199 331 1262 vibranti
354 1219 496 1281 carpens,
519 1199 626 1283 gravis
650 1203 730 1283 aere,
752 1198 863 1282 lingua

73 1317 260 1379 squamosos
284 1295 349 1360 late
371 1295 543 1378 torquebat
565 1296 708 1360 motibus
732 1295 838 1358 orbes:

72 1393 243 1457 mollibant
265 1415 360 1456 aurae
383 1392 540 1456 venientis
564 1392 604 1456 ad
627 1393 733 1456 omnia
754 1392 853 1454 nisus.

16 1505 17 1576 3
72 1491 132 1554 iam
155 1491 262 1576 magis
286 1495 383 1572 atque
405 1489 509 1574 magis
532 1512 647 1573 corpus
670 1488 845 1552 revolubile
868 1488 999 1551 volvens
1057 1483 1060 1490 ⁴

73 1589 194 1652 attollit
217 1587 330 1651 nitidis
353 1591 464 1671 pectus
487 1587 679 1671 fulgoribus,
701 1608 771 1650 ecce
1030 1601 1081 1650 110

16 1729 17 1742 2
73 1686 203 1750 sublimi
227 1685 347 1748 cervice
370 1689 476 1769 capnt,
498 1685 549 1748 cui
572 1685 669 1748 crista
692 1704 828 1766 superne

73 1784 164 1869 edita,
187 1803 349 1866 purpureo
372 1783 481 1846 lucens
504 1781 682 1844 maculatur
705 1781 833 1864 amictu,

73 1885 267 1964 aspectuque
290 1880 409 1944 micant
432 1879 633 1942 flammarum
655 1878 777 1942 lumina
799 1881 901 1941 torvo.

72 1979 213 2042 metebat
238 1997 306 2040 sese
328 1976 447 2040 circum
470 1976 552 2060 loca3
576 1997 648 2039 cum
671 1974 757 2038 videt
779 1975 893 2058 ingens

72 2078 240 2142 adversum
264 2074 415 2138 recubare
438 2074 550 2136 ducem
572 2073 689 2158 gregis,
713 2071 815 2136 acrior
837 2073 938 2137 instat
1031 2092 1080 2138 175

71 2175 193 2236 iumine
217 2171 395 2236 diffundens
418 2170 582 2234 intendere
605 2174 637 2234 ct
661 2169 755 2233 obvia
778 2173 888 2234 101100

72 2271 197 2335 saevius
223 2269 378 2350 arripiens
402 2268 585 2353 infringere,
609 2267 694 2350 quod
718 2289 776 2330 sua
800 2267 969 2350 quisquam

72 2369 108 2430 ad
130 2367 214 2430 vada
236 2365 383 2430 venisset.
429 2369 562 2428 naturae
585 2368 749 2446 comparat
772 2387 866 2428 c1ma.

72 2465 160 2529 ardet
183 2467 300 2548 mente,
321 2462 401 2527 furit
425 2462 627 2546 stridoribus,
649 2463 777 2525 intonat
801 2483 864 2546 ore,

71 2561 208 2627 flexibus
233 2559 350 2623 0101010
373 2563 544 2642 torquetur
566 2559 709 2641 corporis
735 2559 833 2642 orbis²
1031 2575 1080 2625 180

71 2662 203 2723 manant
227 2657 418 2741 sanguineae
440 2678 496 2738 per
519 2662 641 2721 tractus
664 2657 804 2740 undique
827 2661 945 2741 guttae.

72 2755 241 2839 spiritibus
265 2755 386 2837 rumpit
408 2754 523 2817 fauces.
547 2755 598 2818 cui
621 2759 735 2818 cuncta
757 2755 884 2838 paranti

71 2853 225 2936 parvulus
248 2852 333 2915 hunc
350 2852 439 2934 prior
462 2851 583 2915 umoris
607 2855 766 2916 conterret
790 2851 936 2916 alumnus

72 2956 101 3014 et
123 2954 264 3014 mortem
286 2949 387 3029 111010
410 2954 520 3012 monet
542 2971 599 3032 per
622 2949 782 3012 acumina:
805 2971 942 3031 namque

72 3071 133 3132 qua
158 3048 287 3111 diducta
305 3067 402 3130 genas
425 3046 607 3130 pandebant
628 3047 750 3110 lumina
773 3046 917 3132 gemmis
1031 3065 1080 3114 180

71 3145 129 3210 hac
154 3144 290 3208 senioris
314 3148 382 3207 0101
405 3149 539 3207 naturae
562 3144 682 3227 pupula
705 3144 770 3206 telo

72 3247 156 3306 tacta
179 3242 253 3326 levi,
276 3263 347 3304 cum
369 3241 521 3324 prosiluit
544 3241 735 3304 furibundus
759 3245 791 3304 ct
814 3240 907 3304 illum

73 3339 230 3404 obtritum
254 3337 352 3400 Morti
374 3338 477 3402 misit:
501 3338 552 3402 cui
576 3339 708 3402 dissitus
732 3337 836 3400 clunis

73 3437 205 3519 spiritus
230 3435 366 3499 excessit
389 3457 508 3498 sensus
551 3440 621 3498 tum
644 3439 737 3498 torva
759 3439 921 3498 tenentem

72 3533 193 3596 lumina
216 3533 357 3616 respexit
382 3537 561 3615 serpentem
581 3532 770 3615 comminus3
794 3532 867 3594 inde
1029 3548 1079 3596 190
