2530 3960
447 250 693 306 CATALEPTON.

334 517 799 602 OATALEPTON.
899 601 900 610 Ν

48 775 155 840 Delia
181 796 275 857 saepe
299 773 361 836 tibi
384 773 480 836 venit.
504 773 594 857 mihi,
616 773 728 860 Tucca,
750 775 856 838 videre

99 871 283 935 nonlicet:
308 870 465 934 occulitur
488 870 598 932 limine
621 870 728 935 clausa
750 872 820 934 viri.

48 971 155 1034 Delia
181 989 274 1050 saepe
298 966 369 1050 tibi,
392 987 458 1030 non
480 967 569 1030 venit
593 967 695 1031 adhuc
717 969 812 1032 mihi:
834 990 972 1051 namque

101 1067 133 1130 si
158 1064 326 1148 occulitur,
347 1064 443 1147 longe
466 1068 516 1126 est
539 1068 671 1148 tangere
694 1065 779 1147 quod
801 1086 948 1147 nequeas.

50 1162 198 1228 venerit:
223 1161 338 1224 audivi.
363 1160 417 1224 sed
440 1160 505 1223 iam
527 1161 607 1224 mihi
629 1162 763 1225 nuntius
786 1161 848 1225 iste
962 1203 969 1208 -
1058 1179 1073 1224 c

101 1260 185 1344 quid
208 1258 360 1342 prodest?
383 1257 433 1320 illi
455 1256 560 1342 dicite,
584 1259 661 1342 quoi
683 1258 792 1323 rediit!

548 1449 590 1514 Π.

101 1558 351 1625 CorInthiorum
375 1561 499 1620 amator
521 1557 583 1619 iste
605 1559 786 1643 verborum,

49 1662 120 1724 iste
145 1658 209 1720 iste
231 1655 351 1739 rhetor,
373 1654 500 1736 iamque
525 1655 681 1735 quatenns
704 1657 793 1718 totus

50 1752 273 1836 Thucydides,
295 1755 453 1834 tyrannus
476 1749 604 1812 Atticae
626 1749 735 1812 febris.

49 1861 114 1918 tau
141 1850 309 1933 Gallicum,
332 1849 400 1912 nrin
423 1852 454 1911 et
478 1845 575 1930 sphin
596 1849 634 1910 ut
657 1846 739 1908 male
763 1847 812 1909 illi
835 1847 890 1912 sit!

49 1953 102 2014 ita
131 1946 239 2011 omnia
262 1945 326 2008 ista
349 1943 446 2006 verba
468 1943 597 2006 miscuit
620 1943 721 2006 fratri.
1055 1966 1070 2011 5

50 2249 178 2332 Aspice
202 2267 296 2328 quem
318 2243 423 2307 valido
449 2243 621 2306 subnixum
644 2243 747 2327 gloria
771 2264 870 2328 regno

101 2344 203 2416 altius
228 2345 259 2404 et
283 2340 361 2404 caeli
385 2341 512 2403 sedibus
537 2340 708 2402 extulerat:

50 2449 218 2508 terrarum
242 2437 295 2501 hic
318 2437 403 2501 bello
426 2457 578 2520 magnum
601 2442 804 2500 concusserat
829 2439 947 2523 orbem,

101 2538 158 2600 hic
181 2554 271 2618 reges
294 2533 391 2596 Asiae
414 2533 562 2618 fregerat,
584 2533 637 2598 hIc
660 2535 809 2618 populos,

50 2637 112 2700 hic
137 2653 234 2717 grave
258 2629 426 2693 servitium
449 2629 510 2692 tibi
533 2631 607 2715 iam,
630 2631 701 2717 tibi,
724 2630 836 2716 Roma,
859 2633 980 2696 ferebat
1055 2653 1069 2698 5

103 2729 225 2816 (cetera
247 2748 385 2810 namque
407 2726 469 2790 viri
491 2728 619 2812 cuspide
642 2726 868 2814 conciderant),

51 2849 132 2892 cum
157 2825 265 2889 subito
288 2826 323 2888 in
345 2825 449 2889 medio
472 2847 579 2888 rerum
601 2827 772 2890 certamine
795 2847 944 2910 praeceps

103 2922 235 3007 corrust,
259 2941 276 2984 e
298 2921 404 3005 patria
426 2921 538 3005 pulsus
562 2923 597 2985 in
619 2923 758 2986 exilium.

51 3022 123 3085 tale
148 3019 223 3082 deae
246 3039 374 3103 numen,
397 3017 456 3080 tali
478 3021 627 3083 mortalia
648 3024 731 3083 nutu

100 3117 202 3182 fallax
225 3119 387 3179 momento
411 3116 564 3199 temporis
587 3116 667 3180 hora
690 3117 784 3180 dedit.
1036 3138 1068 3187 10

473 3309 521 3374 IV
554 3309 655 3374 XIII.

53 3419 266 3500 Quocumque
288 3415 334 3478 ire
357 3416 465 3478 ferunt
488 3308 594 3479 variae
616 3308 675 3480 nias
700 3421 845 3499 tempora
868 3419 962 3503 vitae,

100 3521 234 3598 tangere
258 3534 337 3596 quas
361 3517 463 3576 terras
488 3535 631 3596 quosque
654 3513 760 3578 videre
783 3514 938 3599 homines,
