2556 3966
220 237 284 303 388
544 235 690 290 VERGLLI
707 234 840 290 annuis
859 234 910 288 XII

220 402 409 462 convertunt
433 399 570 463 clamore
592 399 702 483 fugam
727 395 886 483 (mirabile
910 394 997 482 visu)

220 496 411 580 aetheraque
435 497 608 561 obscurant
631 495 739 578 pinnis
760 495 953 578 hostemque
975 516 1033 578 per
1056 517 1147 559 auras

219 594 304 656 facta
325 594 411 657 nube
434 596 593 677 premunt,
616 593 715 656 donec
737 593 770 655 vi
792 592 897 655 victus
921 594 953 654 et
975 591 1046 675 ipso

219 689 358 772 pondere
381 689 495 753 defecit
518 688 731 772 praedamque
754 711 793 752 ex
814 688 978 773 unguibus
1002 688 1067 752 ales
1173 709 1215 754 aaa

220 786 353 868 proiecit
377 785 475 850 fluvio
499 785 692 870 penitusque
714 787 750 850 in
771 785 884 850 nubila
905 785 1000 869 fugit.

219 886 290 946 tum
313 903 388 945 vero
414 883 585 967 augurium
608 881 723 946 Rutuli
747 883 884 950 clamore
908 881 1050 946 salutant

221 979 456 1063 expediuntque
478 1002 604 1063 manus3
628 979 815 1062 primusque
838 977 1029 1044 Tolumnius
1052 1001 1152 1064 augur

221 1076 294 1140 ‘hoe
316 1081 393 1166 erat,
416 1076 486 1162 hoc,
508 1077 605 1140 votis’
629 1076 735 1159 inquit
759 1075 858 1159 ‘quod
881 1098 973 1159 saepe
996 1077 1104 1159 petivi.

221 1173 341 1256 accipio
365 1173 588 1258 adgnoscoque
611 1173 700 1257 deos3
723 1195 782 1257 mc,
805 1195 857 1237 me
880 1173 958 1236 duce
980 1174 1101 1238 ferrum
1173 1191 1214 1237 aco

221 1269 381 1356 corripite,
404 1291 422 1333 o
445 1271 566 1356 miseri,
588 1292 669 1355 quos
692 1270 859 1353 improbus
883 1270 1004 1335 advena
1026 1271 1111 1334 bello

221 1367 349 1430 territat
371 1367 527 1430 invalidas
550 1371 587 1432 ut
611 1389 684 1431 aves
708 1371 740 1431 et
762 1367 860 1430 litora
882 1370 990 1432 vestra

221 1463 254 1526 vi
276 1462 422 1546 populat:
445 1466 534 1546 petet
556 1463 610 1526 ille
633 1465 743 1548 fugam
765 1463 957 1546 penitusque
980 1463 1138 1545 profundo

221 1560 292 1624 vela
315 1559 412 1622 dabit.
458 1581 516 1624 vos
539 1560 684 1624 unanimi
707 1560 835 1624 densete
858 1563 1001 1624 catervas

222 1661 254 1720 et
277 1677 385 1740 regem
408 1656 501 1720 vobis
523 1677 633 1741 pugna
656 1656 813 1722 defendite
837 1657 986 1739 raptum?
1171 1675 1212 1723 ‘rea

222 1752 304 1815 dixit
327 1755 359 1814 et
383 1751 532 1816 adversos
555 1752 657 1817 telum
679 1753 837 1818 contorsit
859 1754 894 1816 in
912 1753 1017 1818 hostis

222 1870 424 1932 procurrens:
449 1850 591 1914 sonitum
613 1851 668 1913 dat
691 1850 826 1913 stridula
849 1871 964 1914 cornus
988 1854 1021 1913 et
1044 1874 1135 1916 auras

222 1950 309 2010 certa
332 1949 425 2010 secat.
468 1947 564 2010 simul
581 1946 651 2032 hoc,
674 1947 771 2010 simul
793 1946 906 2032 ingens
930 1946 1052 2012 clamor
1071 1953 1102 2012 et
1120 1971 1211 2012 omnes

223 2043 346 2107 turbati
369 2043 462 2108 cunei
485 2045 700 2127 calefactaque
723 2044 818 2108 corda
839 2044 995 2108 tumultu.¹

222 2140 317 2204 hasta
339 2141 461 2226 volans,
483 2144 521 2204 ut
544 2141 628 2204 forte
649 2162 765 2204 norem
787 2139 1000 2223 pulcherrima
1022 2143 1154 2206 fratrum
1172 2158 1211 2206 aco

224 2259 358 2321 corpora
381 2237 592 2301 constiterant
616 2241 737 2322 contra,
760 2259 840 2320 quos
856 2238 926 2301 lida
949 2243 1072 2303 crearat

223 2356 287 2398 una
310 2338 361 2398 tot
383 2333 520 2398 Arcadio
544 2334 683 2397 coniunx
706 2333 871 2416 Tyrrhena
895 2333 1044 2421 Gylippo,

223 2433 340 2496 horum
363 2453 463 2495 unum
486 2431 525 2494 ad
547 2431 696 2517 medium,
718 2432 834 2496 teritur
858 2454 921 2514 qua
944 2433 1051 2496 sutilis
1071 2434 1139 2498 aluo

224 2529 350 2592 balteus
374 2532 406 2592 et
429 2529 567 2592 laterum
589 2528 753 2592 iuncturas
776 2528 876 2591 fibula
898 2528 1032 2615 mordet,

224 2625 389 2710 egregium
411 2626 515 2688 forma
537 2625 683 2688 iuvenem
705 2629 738 2690 et
760 2625 958 2708 fulgentibus
982 2627 1081 2692 armis
1171 2639 1211 2688 ‘ru

224 2722 418 2808 transadigit
442 2725 547 2786 costas
571 2721 722 2804 fulvaque
745 2720 879 2784 effundit
901 2721 1028 2786 harena.
1093 2718 1096 2727 ’

225 2825 258 2884 at
281 2821 406 2904 fratres,
429 2819 573 2882 animosa
595 2819 736 2902 phalanx
759 2839 952 2901 accensaque
974 2819 1074 2904 luctu,

225 2940 299 3001 pars
324 2916 446 3001 gladios
471 2916 635 3000 stringunt
657 2915 815 3000 manibuS,
837 2937 912 2998 pars
934 2916 1056 2980 missile
1080 2917 1186 2980 ferrum

226 3015 403 3097 corripiunt
427 3014 571 3097 caecique
594 3017 700 3078 ruunt.
747 3034 828 3095 quos
851 3013 979 3098 agmina
1001 3017 1113 3078 contra

226 3116 418 3196 procurrunt
441 3110 645 3197 Laurentum,
667 3110 743 3174 hinc
765 3109 855 3174 densi
877 3131 990 3174 rursus
1013 3110 1161 3174 inundant
1172 3122 1211 3170 280

226 3210 326 3273 Troes
349 3208 558 3292 Agyllinique
583 3211 614 3270 et
636 3207 732 3290 pictis
755 3205 894 3270 Arcades
918 3207 1027 3270 armis:

131 3294 136 3306 ⁴
228 3307 273 3370 sic
297 3304 400 3368 omnis
425 3326 513 3368 amor
536 3325 619 3368 unus
642 3304 740 3371 habet
764 3303 929 3368 decernere
951 3303 1045 3368 ferre.

228 3404 386 3485 diripuere
410 3423 480 3464 aras
506 3399 546 3486 (it
569 3405 640 3465 toto
664 3401 793 3464 turbida
816 3401 902 3464 caelo

228 3500 401 3581 tempestas
425 3498 564 3560 telorum
588 3519 624 3561 ac
646 3499 766 3590 ferreus
790 3497 914 3584 ingruit
937 3496 1052 3584 imber)
