2574 3964
356 233 503 289 VERGILI
521 233 733 290 GEORGICON
750 235 789 288 lIl
1035 235 1075 298 77

64 397 242 481 Idaeasque
263 397 350 480 pices
374 401 406 460 et
428 396 558 482 pinguis
581 395 723 481 unguine
746 419 833 462 ceras
1024 411 1076 461 455

66 494 256 577 scillamque
279 493 499 576 elleborosque
522 494 629 578 gravis
651 495 845 578 nigrumque
867 494 1019 558 bitumen.

65 613 132 654 non
154 595 265 654 tamen
287 590 354 653 ulla
375 591 479 674 magis
502 612 651 673 praesens
674 592 805 655 fortuna
827 591 1020 676 laborumst‚

66 711 164 771 quam
187 688 290 771 siquis
313 688 399 750 ferro
422 688 529 771 potuit
551 688 729 752 rescindere
752 711 913 752 summum

67 785 183 848 ulceris
208 807 258 849 os:
282 784 379 847 alitur
401 785 518 848 vitium
539 784 683 867 vivitque
705 785 857 870 tegendo,

65 883 143 946 dum
165 881 304 945 medicas
327 879 478 944 adbibere
499 905 613 946 manus
636 883 676 947 ad
697 883 828 947 volnera
850 886 961 965 pastor
1025 897 1075 946 455

66 980 207 1063 abnegat
230 983 263 1041 et
285 977 417 1041 meliora
440 977 515 1042 deos
540 980 627 1043 sedet
650 980 757 1044 omnia
779 1001 922 1062 poscens.

66 1075 281 1160 quinetiam,
304 1075 368 1138 ima
391 1074 483 1138 dolor
505 1076 672 1140 balantum
694 1076 803 1158 lapsus
827 1076 866 1139 ad
889 1097 963 1140 ossa

65 1196 139 1236 cum
162 1172 243 1236 furit
267 1176 364 1254 atquc
387 1175 476 1234 artus
500 1173 681 1255 depascitur
704 1173 791 1236 arida
813 1173 926 1258 febris,

66 1269 191 1354 profirit
214 1269 362 1332 incensos
386 1273 494 1332 aestus
518 1274 660 1334 avertere
683 1273 715 1334 et
738 1270 823 1334 inter

65 1368 131 1430 ima
154 1365 250 1430 ferire
273 1365 363 1448 pedis
387 1365 554 1430 salientem
578 1367 733 1452 sauguine
755 1389 878 1453 venam,
937 1369 940 1373 ’
1025 1383 1077 1432 455

65 1463 211 1527 Bisaltae
233 1484 299 1546 quo
322 1484 411 1526 more
435 1463 540 1526 solent
564 1485 696 1546 acerque
720 1462 877 1550 Gelonus,

65 1583 140 1625 cum
162 1559 249 1644 fugit
270 1559 306 1622 in
328 1558 507 1643 Rhodopen
529 1563 625 1642 atque
647 1561 682 1624 111
704 1561 830 1625 11555115
852 1559 1019 1646 Getarum,

65 1663 99 1723 et
120 1659 172 1722 lac
194 1661 379 1720 concretum
401 1678 474 1721 cum
497 1657 652 1741 sauguine
675 1661 767 1741 potat
790 1658 916 1742 equino.

65 1778 166 1840 quam
187 1754 301 1838 procul
323 1757 380 1818 aut
402 1754 494 1818 molli
517 1755 682 1818 succedere
705 1756 831 1839 saepius
855 1756 987 1820 umbrae

65 1852 185 1917 videris
209 1855 266 1914 aut
289 1873 429 1915 summas
453 1853 635 1934 carpentem
657 1851 806 1936 ignavius
828 1852 945 1916 herbas
1027 1870 1077 1919 455

65 1955 307 2032 extremamque
330 1948 421 2032 sequi
444 1952 501 2012 aut
522 1949 626 2012 medio
649 1949 857 2031 procumbere
880 1971 991 2033 campo

65 2051 252 2130 pascentem
274 2049 307 2109 51
330 2067 418 2109 55155
441 2045 543 2109 solam
566 2045 713 2111 decedere
734 2047 836 2134 nocti,

65 2145 222 2208 continuo
246 2143 373 2226 eulpam
395 2143 481 2206 ferro
505 2164 667 2226 compesce
690 2143 779 2226 prius
804 2166 899 2227 quam

65 2242 137 2306 dira
159 2262 217 2323 per
239 2239 404 2303 incautum
428 2243 558 2323 serpant
581 2241 729 2324 contagia
751 2241 875 2326 volgus.

65 2361 134 2401 non
155 2342 225 2400 tam
247 2336 356 2400 creber
375 2358 472 2422 agens
490 2336 627 2400 hiemem
644 2337 711 2400 11111
730 2359 867 2421 aequore
885 2338 998 2424 turbo,
1028 2355 1080 2403 475

66 2457 166 2518 quam
187 2434 309 2497 multae
332 2433 487 2516 pecudum
510 2439 625 2518 pestes.
670 2456 728 2498 nec
752 2434 879 2518 singula
902 2435 1007 2499 morbi

66 2553 204 2615 corpora
226 2531 418 2616 corripiunt,
441 2531 496 2594 5511
519 2535 590 2596 1515
614 2531 736 2596 aestiva
759 2535 905 2616 repente,

66 2649 221 2712 spemque
257 2648 450 2712 gregemque
488 2628 584 2692 simul
625 2631 835 2711 cunctamque
877 2627 917 2690 ab
957 2627 1082 2712 origine

870 2728 1007 2809 gentem.

66 2829 139 2888 tum
162 2822 256 2906 sciat,
279 2821 381 2885 5111155
404 2820 498 2905 Alpis
522 2826 554 2885 51
577 2821 700 2886 Norica
723 2821 825 2904 siquis

66 2919 200 2984 castella
221 2919 258 2982 in
279 2918 413 2982 tumulis
437 2922 469 2982 et
491 2917 621 3002 Iapydis
646 2942 722 2984 arva
745 2918 869 2982 limavi
1031 2935 1083 2984 415
1127 2994 1129 3017 Ι

66 3039 153 3082 nunc
176 3038 304 3100 quoque
327 3019 401 3098 post
424 3019 516 3079 151115
541 3017 651 3081 videat
674 3016 862 3098 desertaque
884 3036 982 3100 regna
1125 3034 1128 3049 ·

67 3118 236 3199 pastorum
259 3117 291 3176 et
313 3113 408 3196 longe
433 3112 535 3176 saltus
561 3114 691 3198 lateque
714 3112 867 3177 vacantis.

111 3210 176 3274 Hic
198 3209 360 3293 quondam
381 3210 494 3273 morbo
517 3211 608 3274 caeli
630 3211 809 3274 miseranda
832 3214 974 3274 coortast

66 3312 241 3392 tempestas
265 3310 400 3390 totoque
424 3308 573 3371 autumni
599 3307 765 3372 incanduit
789 3312 893 3392 aestu,

67 3411 99 3469 et
123 3427 225 3491 genus
245 3426 339 3469 omne
357 3404 427 3469 neci
445 3404 601 3488 pecudum
626 3405 727 3490 dedit,
750 3426 843 3468 omne
861 3404 1014 3490 ferarum,
1034 3420 1085 3469 455

65 3503 274 3587 corrupitque
296 3501 401 3588 lacus,
429 3502 543 3565 infecit
566 3502 684 3584 pabula
707 3502 789 3566 tabe.
