2612 3964
429 234 576 290 VERGILI
593 235 727 291 Ananis
745 236 758 289 Ι

88 418 222 460 munera
245 400 410 488 praeterea
432 395 538 462 Iliacis
561 401 670 482 erepta
691 398 794 462 ruinis

88 495 171 558 ferre
194 493 300 579 iubet,
322 494 443 577 pallam
466 494 566 579 signis
591 517 732 578 auroque
754 495 912 580 rigentem

89 594 120 654 et
143 590 391 654 circumtextum
413 611 523 655 croceo
545 591 691 656 velamen
704 593 862 680 ,acanthq

89 691 223 752 omatus
247 686 389 771 Argivae
411 686 565 772 Helenae,
589 710 670 772 quos
693 689 749 752 illa
772 689 916 772 Mycenis
922 743 931 774 ,
1047 704 1099 753 cao

87 785 246 870 Pergama
268 805 342 847 cum
363 787 486 866 peteret
508 783 773 869 inconcessosque
795 786 1002 872 hymenaeos,

88 882 262 966 extulerat,
284 880 398 944 matris
421 879 524 946 Ledae
545 881 692 947 mirabile
715 883 847 966 donum3

87 982 254 1062 praeterea
278 979 452 1060 sceptrum,
474 975 577 1042 Ilione
600 979 686 1062 quod
708 985 851 1065 gesserat
870 980 966 1064 olim,

88 1076 228 1140 maxirna
249 1077 401 1137 natarum
422 1071 555 1159 Priami,
577 1076 724 1160 colloque
746 1078 865 1142 monile

88 1173 240 1236 bacatum
263 1175 295 1234 et
318 1170 476 1253 duplicem
498 1173 632 1255 gemmis
655 1196 797 1257 auroque
820 1196 977 1240 coronam.
1047 1191 1098 1242 aaa

86 1271 164 1334 haec
189 1269 331 1333 celerans
354 1268 417 1332 iter
440 1267 479 1331 ad
500 1269 593 1334 navis
616 1270 768 1334 tendebat
789 1269 938 1336 Achates.

130 1367 178 1432 At
202 1365 363 1449 Cytherea
384 1387 484 1430 novas
508 1369 608 1451 artes,
629 1388 714 1432 nova
735 1372 862 1452 pectore
885 1372 992 1434 versat

85 1465 233 1548 consilia,
255 1467 294 1527 ut
316 1463 429 1527 faciem
452 1466 596 1527 mutatus
620 1468 652 1530 et
675 1485 731 1528 ora
755 1461 878 1547 Cupido

84 1585 145 1648 pro
170 1561 257 1626 dulci
279 1559 417 1624 Ascanio
441 1559 548 1624 veniat
571 1560 727 1645 donisque
748 1561 908 1626 fluentem

84 1660 238 1725 incendat
259 1658 405 1742 reginam
428 1661 524 1740 atque
547 1657 674 1722 ossibus
696 1658 839 1741 implicet
861 1659 977 1744 ignem.
1046 1677 1097 1726 ooo

86 1759 207 1843 quippe
230 1756 361 1819 domum
383 1754 477 1818 timet
499 1753 683 1838 ambiguam
705 1754 883 1839 Tyriosque
906 1756 1074 1841 bilinguis3

84 1857 153 1919 urit
178 1858 271 1918 atrox
293 1851 390 1936 Iuno,
413 1855 445 1915 et
468 1851 528 1914 sub
551 1855 678 1916 noctem
700 1873 776 1916 cura
798 1857 948 1917 recursat.

85 1972 164 2035 ergo
187 1949 240 2013 his
264 1947 419 2032 aligerum
441 1947 534 2011 dictis
558 1948 684 2012 adfatur
707 1946 870 2012 Amorem:

85 2050 189 2131 ‘nate,
210 2067 299 2110 meae
322 2045 420 2129 vires,
442 2066 512 2108 mea
534 2064 651 2128 magna
673 2046 818 2128 potentia
842 2046 943 2131 solus,

83 2149 178 2229 nate,
199 2142 303 2226 patris
327 2142 444 2206 summi
467 2141 523 2224 qui
545 2142 609 2204 tela
632 2141 784 2225 Typhoea
805 2142 936 2227 temniS,
1045 2161 1095 2210 aaa

85 2243 126 2306 ad
148 2246 183 2305 te
205 2239 356 2322 confugio
380 2242 413 2302 et
436 2237 572 2321 supplex
594 2242 651 2302 tua
672 2239 805 2302 numina
826 2260 932 2322 posco.

84 2340 188 2402 frater
210 2339 248 2399 ut
270 2334 397 2399 Aeneas
419 2334 534 2418 pelago
558 2338 633 2399 tuus
658 2337 764 2400 omnia
786 2335 905 2400 circum

84 2437 184 2500 litora
206 2433 344 2498 iactetur
368 2431 449 2495 odiis
472 2430 605 2494 lunonis
628 2433 771 2517 acerbae,

83 2535 165 2597 nota
186 2530 264 2614 tibi,
287 2532 319 2592 et
341 2533 454 2593 nostro
478 2528 612 2591 doluisti
636 2553 729 2614 saepe
751 2530 868 2594 dolore.

84 2628 172 2692 nimo
192 2625 371 2691 Phoenissa
392 2630 481 2690 tenet
504 2625 587 2692 Dido
611 2626 800 2709 blandisque
822 2629 966 2690 moratur
1044 2644 1095 2692 670

85 2724 233 2808 vocibus,
258 2727 289 2787 et
312 2744 436 2808 vereor,
459 2744 523 2806 quo
548 2745 582 2787 se
603 2723 739 2788 Iunonia
761 2726 888 2786 vertant

84 2821 242 2904 hospitia3
264 2819 344 2883 haut
366 2824 458 2883 tanto
482 2821 619 2885 cessabit
642 2819 768 2884 cardine
791 2840 905 2883 rerum.

85 2917 237 3002 quocirca
258 2938 370 3000 capere
394 2921 467 2981 ante
490 2916 572 2982 dolis
596 2922 628 2983 et
650 2917 776 3002 cingere
798 2915 927 2980 flamma

83 3016 230 3100 reginam
252 3013 404 3100 meditor,
425 3035 531 3096 nequo
555 3036 589 3078 se
610 3015 742 3079 numine
764 3016 881 3097 mutet,

84 3113 140 3178 sed
163 3132 282 3196 magno
305 3109 435 3174 Aeneae
454 3133 574 3175 meeum
599 3115 746 3176 teneatur
770 3131 884 3180 amore.
1042 3129 1093 3178 675

84 3233 148 3294 qua
171 3209 275 3274 facere
298 3209 331 3271 id
354 3208 473 3293 possis,
494 3212 640 3272 nostram
662 3229 747 3272 nunc
770 3207 875 3290 accipe
897 3211 1044 3272 mentem.

82 3307 192 3392 regius
216 3305 320 3370 accitu
342 3306 408 3370 cari
430 3305 586 3390 genitoris
610 3305 649 3368 ad
672 3304 784 3368 urbem

83 3401 250 3468 Sidoniam
272 3424 352 3486 puer
374 3401 421 3466 ire
443 3405 552 3486 parat,
573 3424 644 3466 mea
666 3402 804 3466 maxima
828 3423 917 3486 cura,

82 3502 168 3566 dona
189 3501 294 3566 ferens
318 3499 432 3584 pelago
456 3503 488 3562 et
510 3498 648 3562 flammis
671 3499 827 3563 restantia
850 3499 978 3582 Troiae3
