2576 3970
395 235 543 290 VERGILI
561 235 693 290 AENEIS
708 236 746 290 VI
1011 235 1077 301 223

71 419 203 480 usquam
226 397 343 460 aberit:
367 419 439 462 curn
461 401 499 462 tu
523 397 657 480 supplex
680 399 714 461 in
737 398 833 462 rebus
857 399 965 483 egenis

73 516 145 576 quas
169 495 277 579 gentis
301 493 421 558 Italum
444 499 499 560 aut
524 516 602 577 quas
624 517 692 558 non
715 496 855 560 oraveris
878 496 987 560 urbest

72 613 161 656 causa
183 591 262 654 mali
285 591 371 654 tanti
394 591 533 656 coniunx
554 592 672 654 iterum
694 590 825 676 hospita
848 591 978 656 Teucris

73 688 255 771 externique
277 687 396 752 iterum
418 687 559 752 thalami.

73 791 105 850 tu
125 807 166 849 ne
190 785 264 849 cede
286 785 390 870 malis,
414 786 469 850 sed
492 789 603 850 contra
627 785 794 849 audentior
817 786 864 850 ito
1045 803 1078 850 95

74 905 131 966 qua
153 887 212 946 tua
234 886 267 946 te
290 881 435 950 Fortuna
459 883 550 947 sinet.
594 883 647 946 via
669 883 773 965 prima
797 883 920 967 salutis,

75 981 154 1063 quod
177 979 310 1044 minime
332 979 423 1066 reris,
447 976 543 1044 Graia
566 979 723 1062 pandetur
747 979 786 1042 ab
810 979 909 1044 urbe?

113 1077 246 1140 Talibus
270 1097 309 1139 ex
333 1076 430 1159 adyto
454 1076 548 1139 dictis
573 1074 710 1158 Cymaea
734 1073 857 1158 Sibylla

75 1175 243 1238 horrendas
267 1174 354 1238 canit
378 1174 527 1258 ambages
552 1176 708 1256 antroque
730 1174 879 1259 remugit,

77 1271 214 1335 obscuris
238 1292 314 1336 vera
336 1271 516 1334 involvens:
541 1292 577 1334 ea
599 1269 690 1334 frena
711 1270 831 1333 furenti
1029 1287 1078 1336 100

76 1367 212 1431 concutit
236 1371 268 1430 et
292 1367 441 1430 stimulos
465 1353 525 1430 sub
549 1370 678 1450 pectore
700 1367 798 1430 vertit
821 1365 948 1450 Apollo.

76 1469 108 1528 ut
129 1464 269 1548 primum
293 1465 389 1528 cessit
411 1464 501 1528 furor
524 1467 557 1528 et
579 1463 690 1526 rabida
714 1483 769 1528 ora
793 1465 952 1549 quierunt,

76 1561 184 1644 incipit
205 1559 331 1626 Aeneas
353 1560 462 1624 heros:
487 1561 563 1624 ‘non
586 1560 652 1624 ulla
674 1559 832 1645 laborum,

78 1681 93 1722 o
114 1659 214 1745 virgo,
236 1680 322 1722 nova
343 1659 389 1722 mi
410 1657 507 1722 facies
530 1657 700 1740 inopinave
725 1659 842 1742 surgit3

78 1757 177 1820 omnia
199 1756 346 1840 praecepi
369 1759 465 1839 atque
489 1753 595 1818 animo
618 1776 742 1818 mecum
766 1759 838 1818 ante
862 1759 978 1840 peregi.
1029 1773 1078 1822 100

77 1875 168 1915 unum
193 1873 263 1916 oro:
289 1851 414 1935 quando
437 1850 490 1915 hic
512 1851 630 1916 inferni
652 1852 748 1914 ianua
771 1853 856 1936 regis

78 1949 187 2012 dicitur
210 1953 243 2012 et
266 1949 436 2012 tenebrosa
458 1949 551 2030 palus
574 1947 755 2012 Acheronte
778 1949 895 2035 refuso,

77 2045 120 2108 ire
142 2046 179 2109 ad
201 2049 408 2129 conspectum
430 2045 495 2108 cari
518 2046 674 2130 genitoris
698 2049 730 2109 et
753 2067 809 2109 ora

78 2143 250 2228 contingat3
274 2143 387 2208 doceas
410 2143 472 2206 iter
495 2147 527 2206 et
551 2165 640 2207 sacra
663 2144 746 2207 ostia
769 2143 897 2226 pandas.

78 2239 164 2303 illum
186 2261 247 2325 ego
271 2261 327 2322 per
350 2239 494 2304 flammas
518 2243 550 2304 et
573 2240 660 2304 mille
684 2241 849 2325 sequentia
872 2241 936 2304 tela
1028 2258 1078 2306 110

78 2337 174 2420 eripui
194 2337 246 2400 his
271 2337 390 2400 umeris
413 2337 581 2420 medioque
604 2359 642 2401 ex
665 2338 758 2402 hoste
781 2339 898 2421 recepi3

78 2433 128 2496 ille
148 2456 254 2498 meum
277 2434 449 2498 comitatus
472 2434 534 2497 iter
556 2435 657 2498 maria
680 2436 787 2499 omnia
808 2457 931 2498 mecum

79 2534 167 2614 atque
191 2530 296 2594 omnis
318 2531 488 2616 pdcgique
511 2531 614 2595 minas
638 2532 778 2615 caelique
801 2532 933 2617 ferebat,

76 2627 238 2713 invalidus,
261 2628 340 2691 viris
364 2628 450 2692 ultra
474 2633 656 2712 sortemque
681 2633 831 2692 senectae.

81 2723 160 2809 quin,
180 2728 217 2788 110
240 2727 273 2788 00
297 2724 431 2807 supplex
454 2728 596 2808 peterem
619 2729 651 2788 et
673 2729 730 2788 tua
752 2726 864 2788 limina
888 2725 1016 2810 adirem,
1029 2743 1078 2789 115

80 2819 156 2884 idem
178 2843 272 2886 orans
295 2821 445 2884 mandata
468 2821 573 2885 dabat.
619 2823 772 2906 gnatique
794 2823 968 2908 patrisque,

81 2916 165 3003 alma⁷
185 2939 306 3004 precor,
329 2917 478 2982 miserere
502 2916 609 3004 (potes
632 2941 769 3003 namque
793 2920 908 3004 omnia,
930 2942 987 2984 nec
1011 2925 1043 2985 te

81 3015 265 3098 nequiquam
287 3015 368 3078 lucis
391 3013 511 3080 Hecate
535 3015 686 3098 praefecit
709 3014 871 3102 Aramis),

83 3109 109 3171 si
128 3113 228 3192 potuit
250 3112 354 3176 manis
379 3133 536 3176 arcessere
559 3112 704 3196 coniugis
729 3109 874 3194 Orpheus

83 3205 234 3273 Thraeicia
257 3209 359 3273 fretus
383 3209 507 3272 cithara
528 3210 708 3294 fidibusque
732 3210 866 3294 canoris,
1029 3230 1079 3276 120

84 3303 111 3365 si
129 3305 253 3370 fratrem
274 3306 393 3370 Pollux
416 3306 539 3370 alterna
560 3309 665 3370 morte
687 3307 820 3370 redemit
854 3311 857 3318 '

83 3399 162 3484 itque
182 3404 327 3486 reditque
350 3402 435 3467 viam
459 3402 587 3466 totiens.
634 3403 711 3485 quid
733 3403 855 3466 Thesea
878 3425 1039 3488 magnum,

84 3497 151 3577 quid
167 3521 338 3564 memorem
351 3499 506 3562 Alciden?
531 3504 562 3562 et
581 3499 625 3562 mi
648 3520 749 3582 genus
773 3499 813 3562 ab
831 3499 907 3563 love
931 3499 1077 3563 summo’
