2576 3970
191 261 257 325 214
519 263 667 318 VERGILl
684 264 815 318 AENEIS
838 267 862 318 V

191 428 242 487 ast
264 424 339 488 illae
362 424 486 488 diversa
508 429 597 489 metu
620 448 676 508 per
698 427 796 490 litora
819 428 939 510 passim

191 521 373 606 diffugiunt,
397 522 557 605 silvasque
581 526 614 586 et
637 523 740 586 sicubi
763 545 901 588 concava
923 523 1037 588 furtim

192 639 269 680 saxa
291 621 418 702 petunt,
441 617 531 702 piget
554 618 674 702 incepti
696 620 850 707 lucisque,
874 643 1012 704 suosque

191 718 334 778 mutatae
357 715 566 800 adgnoscunt,
589 737 783 800 excussaque
807 722 936 800 pectore
957 718 1039 782 Iuno
1064 722 1120 782 est.

193 813 248 875 sed
270 831 337 876 non
359 813 475 877 idcirco
499 813 627 878 flamma
651 817 747 895 atque
769 813 915 900 incendia
937 815 1021 878 vires
1149 831 1197 880 680

191 909 363 973 indomitas
387 931 534 994 posuere,
558 911 621 973 udo
646 909 706 972 sub
729 910 845 975 robore
868 911 948 974 vivit

192 1010 310 1090 stuppa
332 1028 463 1070 vomens
487 1008 616 1070 tardum
638 1007 771 1090 fumum,
794 1008 965 1092 lentusque
988 1009 1112 1072 carinas

192 1108 242 1178 est
264 1125 374 1190 vapor,
396 1108 428 1168 et
451 1107 522 1168 toto
547 1103 708 1168 descendit
731 1125 863 1186 corpore
886 1105 998 1189 pestiS,

191 1222 250 1265 nec
272 1201 355 1264 vires
378 1201 513 1264 heroum
535 1201 705 1284 infusaque
727 1199 860 1262 flumina
883 1205 1027 1282 prosunt.

192 1302 263 1361 tum
285 1299 358 1381 pius
380 1297 505 1362 Aeneas
528 1299 647 1363 umeris
671 1297 855 1361 abscindere
878 1302 1000 1361 vestem
1148 1316 1194 1363 oso

193 1395 376 1478 auxilioque
399 1417 512 1459 vocare
535 1396 610 1459 deos
634 1397 666 1458 et
689 1395 818 1458 tendere
841 1395 977 1476 palmas:

193 1492 349 1576 ‘Iuppiter
373 1493 586 1576 omnipotens,
609 1493 637 1555 si
658 1492 801 1555 nondum
824 1513 940 1554 exosus
964 1492 1004 1554 ad
1026 1513 1126 1554 unum

192 1589 359 1673 Troianos,
382 1590 488 1673 siquid
510 1590 613 1672 pietas
638 1589 771 1672 antiqua
793 1588 919 1652 labores
987 1586 988 1590 ’

192 1686 323 1768 respicit
345 1686 512 1772 humanos,
535 1687 575 1749 da
598 1685 759 1748 flammam
782 1685 914 1748 evadere
937 1685 1033 1748 classi

192 1804 286 1868 nunc,
308 1786 409 1865 pater,
431 1785 463 1844 et
485 1783 592 1845 tenuis
616 1781 773 1845 Teucrum
795 1802 846 1845 res
870 1782 956 1864 eripe
979 1783 1058 1865 leto;
1148 1799 1194 1847 690

192 1881 244 1943 vel
265 1883 303 1943 tu
327 1880 411 1963 quod
435 1883 580 1962 superest
603 1879 721 1942 infesto
744 1879 878 1942 fulmine
900 1879 1010 1965 Morti,

193 1977 222 2040 si
244 1998 376 2061 mereor,
399 1976 530 2040 demitte
552 1979 672 2058 tuaque
694 1976 746 2039 hic
770 1977 868 2039 obrue
891 1976 1022 2040 dextra’

192 2073 246 2136 vix
269 2073 347 2136 haec
369 2071 519 2154 ediderat,
543 2092 615 2134 cum
638 2071 747 2135 effusis
770 2073 928 2136 imbribus
952 2078 1022 2137 atra

193 2173 366 2252 tempestas
390 2169 458 2232 sine
481 2189 568 2231 more
591 2168 680 2252 furit,
703 2168 890 2251 tonitruque
913 2173 1110 2233 tremescunt

193 2268 291 2331 ardua
313 2269 472 2328 terrarum
496 2268 527 2327 et
551 2264 666 2345 campi:
689 2264 756 2327 ruit
780 2265 907 2329 aethere
929 2269 1000 2330 toto
1148 2285 1194 2333 695

192 2364 341 2428 turbidus
364 2363 467 2425 imber
491 2383 573 2444 aqua
597 2361 766 2444 densisque
788 2363 981 2447 nigerrimus
1006 2365 1135 2450 austris,

192 2462 429 2544 implenturque
453 2479 548 2540 super
571 2479 703 2543 puppes,
727 2463 867 2522 semusta
890 2459 1076 2524 madescunt

192 2560 319 2642 robora,
341 2556 514 2620 restinctus
538 2555 637 2618 donec
659 2577 759 2638 vapor·
784 2557 885 2620 omnis
910 2560 942 2619 et
965 2578 1076 2621 onmes

192 2660 347 2740 quattuor
368 2652 495 2716 'amissis
520 2655 664 2714 servatae
688 2675 706 2715 a
728 2656 817 2734 peste
840 2653 972 2716 carinae.

236 2752 281 2816 At
304 2755 395 2834 pater
418 2749 552 2835 Aeneas,
575 2770 650 2811 casu
674 2770 846 2813 concussus
870 2751 994 2836 acerb0,
1148 2769 1192 2817 τοο

191 2871 277 2914 nunc
297 2849 361 2911 huc
383 2847 533 2931 ingentis,
555 2867 640 2908 nunc
662 2846 739 2909 illuc
762 2851 889 2929 pectore
912 2869 1004 2911 curas

191 2947 338 3012 mutabat
361 2966 501 3029 versans,
525 2941 682 3006 Siculisne
705 2943 857 3006 resideret
880 2945 964 3008 arvis

190 3043 314 3107 oblitus
337 3042 487 3125 fatorum,
509 3038 650 3102 Italasne
674 3046 852 3122 capesseret
876 3063 956 3104 oras.

190 3145 262 3203 tum
286 3139 391 3202 senior
414 3137 547 3222 Nautes
570 3159 669 3200 unum
692 3137 838 3202 Tritonia
860 3137 966 3202 Pallas

190 3258 287 3320 quem
309 3235 417 3298 docuit
440 3235 604 3316 multaque
627 3233 787 3317 insignem
809 3234 946 3298 reddidit
969 3238 1038 3298 arte
1148 3253 1190 3302 705

193 3334 266 3420 (hac
289 3353 442 3414 responsa
465 3331 562 3394 dabat
584 3331 635 3393 vel
658 3351 739 3413 quae
762 3331 966 3412 portenderet
988 3331 1037 3394 ira

191 3451 309 3515 magna
331 3429 425 3492 deum
447 3429 498 3491 vel
521 3449 601 3510 quae
624 3428 765 3490 fatorum
788 3431 932 3510 posceret
956 3425 1060 3514 ordo),

190 3529 283 3612 isque
306 3527 358 3590 his
380 3524 511 3588 Aenean
535 3524 656 3587 solatus
680 3523 813 3587 vocibus
837 3525 921 3588 infit:
