2612 3964
209 256 270 320 152
529 253 678 307 VERGILI
696 252 828 308 AENEIS
847 252 885 307 ΙΙΙ

205 417 375 481 Idomenea
398 418 522 501 ducem,
546 417 733 498 desertaque
756 416 853 479 litora
876 411 1004 500 Oratae,

205 514 300 577 hoste
323 536 435 577 vacare
458 515 601 598 domum,
625 513 777 596 sedesque
800 516 908 602 astarg
920 511 1064 602 gelidas.

205 611 353 674 nauticus
378 610 520 674 exoritur
544 609 631 672 vario
656 610 828 674 certamine
851 609 983 693 clamor;
1167 625 1213 673 100

205 708 378 775 hortantur
403 708 480 771 socii
504 705 633 771 Oretam
654 728 855 791 proavosque
878 711 1033 790 petamus.

167 793 173 899 ξ
205 805 381 889 linquimus
406 804 560 890 Ortygiae
582 809 696 888 portus
719 804 896 888 pelagoque
919 803 1079 889 volamus,
1168 821 1212 868 11(

206 902 455 985 bacchatamque
478 903 563 986 iugis
587 900 717 966 Naxum
738 901 935 983 viridemque
958 900 1139 986 Donusam,

169 1004 172 1028 ¹
207 998 358 1063 Olearum
379 999 569 1082 niveamque
591 998 709 1062 Parum
733 1019 923 1081 sparsasque
946 1019 1003 1080 per
1027 1019 1147 1080 aequor

170 1113 172 1127 ·
206 1096 359 1180 chladas
383 1100 415 1159 et
439 1096 558 1159 crebris
582 1095 718 1180 legimus
741 1095 824 1156 freta
847 1092 972 1156 concita
994 1093 1098 1156 terris,
1167 1109 1210 1158 1οτ

171 1197 175 1204 “
205 1194 411 1277 prosequitur
435 1213 569 1277 surgens
593 1215 611 1255 a
634 1192 735 1274 puppi
757 1194 872 1253 ventus
896 1191 1016 1273 euntis,
1166 1207 1212 1256 130

205 1296 237 1354 et
259 1291 389 1354 tandem
412 1289 554 1372 antiquis
578 1288 732 1352 Curetum
755 1287 934 1350 adlabimur
957 1287 1030 1350 oris.

206 1409 281 1473 ergo
306 1388 417 1452 avidus
439 1408 550 1450 muros
574 1390 703 1469 optatae
725 1385 842 1448 molior
865 1384 956 1447 urbis

204 1484 473 1570 Pergameamque
496 1505 590 1569 voco,
613 1487 645 1546 et
668 1484 786 1546 laetam
809 1483 997 1566 cognomine
1020 1486 1148 1566 gentem

204 1583 318 1646 hortor
342 1603 447 1644 amare
470 1581 559 1644 focos
583 1601 750 1662 arcemque
774 1580 922 1642 attollere
945 1580 1048 1643 tectis.

204 1681 331 1762 iamque
352 1679 419 1741 fere
442 1678 539 1763 [sicco
565 1677 739 1741 subductae
761 1677 856 1739 litore
879 1676 1030 1760 puppes3]
1165 1694 1212 1742 135

205 1776 338 1840 conubis
363 1775 511 1858 arvisque
534 1775 628 1839 novis
652 1778 783 1857 operata
806 1774 969 1856 iuventus,

205 1875 275 1937 iura
299 1873 473 1955 domosque
497 1872 625 1935 dabam:
650 1871 758 1934 subito
783 1892 856 1934 cum
879 1871 989 1934 tabida
1012 1873 1163 1938 membris

205 1973 356 2052 corrupto
381 1969 460 2032 caeli
483 1972 590 2032 tractu
612 1969 854 2051 miserandaque
877 1969 964 2032 venit

205 2067 440 2150 arboribusque
464 2066 607 2149 satisque
629 2067 699 2129 lues
723 2070 755 2129 et
777 2066 884 2129 letifer
906 2079 1017 2129 annus.

204 2163 393 2248 linquebant
417 2163 524 2226 dulces
549 2164 671 2226 animas
695 2166 750 2226 aut
774 2183 869 2247 aegra
891 2162 1064 2227 trahebant
1165 2183 1212 2230 140
1284 2147 1285 2228 J

205 2283 348 2345 corpora,
370 2264 441 2323 tum
466 2259 590 2322 steriles
615 2282 746 2324 exurere
770 2257 872 2324 Sirius
896 2281 1005 2346 agros,
1284 2257 1285 2282 ³

205 2359 338 2422 arebant
360 2357 479 2420 herbae
502 2361 534 2419 et
557 2357 679 2420 victum
702 2378 792 2440 seges
817 2378 912 2442 aegra
933 2358 1082 2442 negabat.

203 2477 316 2518 rursus
340 2453 380 2517 ad
404 2453 545 2517 oraclum
569 2451 722 2538 Ortygiae
744 2453 973 2537 Phoebumque
996 2477 1142 2520 remenso

203 2553 353 2616 hortatur
376 2555 468 2633 pater
491 2551 537 2614 ire
560 2551 640 2614 mari
663 2551 852 2635 veniamque
875 2552 1011 2637 precari,

205 2672 300 2732 quam
323 2648 417 2712 fessis
441 2649 537 2712 smem
560 2649 655 2712 rebus
678 2648 774 2734 ferat,
796 2649 880 2712 unde
902 2649 1050 2713 laborum
1166 2667 1211 2715 115

203 2750 361 2829 temptare
385 2746 541 2809 auxilium
563 2746 687 2828 iubeat,
712 2767 775 2828 quo
799 2749 923 2810 vertere
947 2769 1067 2810 cursus.

247 2841 322 2906 Nox
346 2845 428 2926 erat,
452 2846 483 2905 et
507 2842 601 2905 terris
626 2842 776 2906 animalia
800 2865 932 2908 somnus
955 2842 1109 2908 habebat:

203 2939 326 3022 effigies
351 2960 457 3002 sacrae
481 2939 589 3002 divom
611 2937 808 3022 Phrygiique
831 2944 976 3023 penates,

204 3058 285 3119 quos
308 3056 433 3099 mecum
457 3035 496 3098 ab
520 3034 617 3098 Troia
639 3036 816 3118 mediisque
840 3059 878 3099 ex
901 3037 1032 3121 ignibus
1056 3039 1147 3102 urbis

203 3133 393 3218 extuleram,
415 3131 477 3195 visi
501 3136 575 3195 ante
599 3133 709 3196 oculos
734 3137 839 3196 astare
863 3133 997 3197 iacentis
1166 3151 1211 3200 150
1283 3149 1284 3194 3

203 3231 237 3293 111
261 3230 396 3315 somnis,
417 3230 521 3292 multo
545 3229 718 3293 manufesti
740 3230 875 3316 lumine,
899 3253 962 3314 qua
986 3253 1020 3296 se

202 3328 296 3411 plena
319 3349 376 3410 per
398 3327 535 3390 insertas
559 3327 712 3390 fundebat
735 3327 812 3390 luna
835 3328 1007 3414 fenestras,

202 3429 272 3487 tum
297 3424 342 3486 sie
366 3423 467 3486 adfari
490 3427 521 3486 et
545 3445 637 3486 curas
660 3423 712 3487 his
736 3424 860 3488 demere
884 3426 991 3490 dictis:

203 3520 301 3602 ‘quod
324 3519 386 3582 tibi
409 3519 513 3582 delato
544 3518 713 3604 Ortygiam
737 3520 880 3585 dicturus
904 3521 1022 3606 Apollo
1046 3528 1109 3609 est,
