2612 3964
226 279 289 343 186
545 279 692 333 VERGILI
711 280 842 334 AENEIS
861 281 913 335 IllI

226 462 307 524 quae
329 440 410 504 mihi
432 442 544 505 reddat
569 463 640 504 eum
663 441 715 504 vel
737 462 774 506 ec
797 464 848 506 me
871 442 976 508 solvat
1000 448 1166 508 amantem.

227 536 343 602 Oceani
365 538 463 602 finem
485 538 576 602 iuxta
600 538 763 621 solemque
787 539 949 604 cadentem
1179 558 1225 606 480

226 633 361 698 ultimus
385 633 583 719 Aethiopum
606 634 696 699 locus
720 638 778 720 est,
800 635 857 699 ubi
879 636 1037 723 Qlfflus
1060 635 1175 702 Atlans

227 753 318 796 axem
339 753 449 796 umero
473 735 604 815 torquet
627 731 730 796 stellis
755 731 940 796 ardentibus
964 735 1091 816 aptum:

208 820 301 892 'liinc
322 827 403 892 mihi
425 826 587 910 Massylae
610 827 715 912 gentis
738 831 918 892 monstrata
941 830 1103 915 sacerdos,

227 921 440 1008 Hesperidum
463 923 577 1007 templi
599 927 707 988 custos
732 925 906 1009 epulasque
928 925 1059 989 draconi

228 1042 309 1104 quae
333 1021 430 1085 dabat
453 1024 486 1085 et
510 1042 617 1085 sacros
641 1019 789 1084 servabat
811 1021 847 1085 in
869 1021 1121 1111 arboreqramos.
1181 1039 1225 1088 485

226 1118 304 1183 haec
327 1139 361 1182 se
383 1117 578 1183 carminibus
601 1117 764 1200 promittit
788 1117 910 1182 solvere
933 1115 1077 1184 mentes
1180 1137 1225 1184 487

228 1235 307 1297 quas
330 1214 419 1300 velit,
441 1217 492 1279 ast
515 1214 587 1278 aliis
611 1213 706 1278 duras
729 1214 904 1278 immittere
927 1235 1029 1301 ouras,

230 1311 342 1377 sistere
366 1333 481 1394 aquam
503 1311 610 1376 fluviis
634 1315 666 1375 et
688 1315 812 1376 vertere
836 1309 939 1374 sidera
960 1314 1063 1398 retro;

226 1412 465 1492 nocturnosque
486 1411 595 1472 movet
617 1407 737 1472 manis:
760 1407 886 1492 mugire
907 1407 1031 1472 videbis
1181 1427 1225 1474 490

229 1506 288 1570 sub
311 1505 446 1590 pedibus
469 1509 589 1568 terram
612 1508 644 1570 et
667 1504 856 1569 descendere
878 1505 1043 1570 montibus
1068 1527 1171 1571 omos.

228 1607 339 1688 testor,
361 1623 443 1687 cara,
465 1601 541 1666 deos
565 1605 597 1665 et
619 1605 662 1687 te,
685 1622 845 1686 germana,
867 1605 1024 1686 tuumque

228 1699 318 1764 dulce
341 1703 446 1783 caput,
467 1699 608 1784 magicas
631 1699 767 1762 invitam
790 1699 947 1784 accingier
970 1699 1057 1766 artis.

228 1799 265 1859 tu
289 1799 410 1860 secreta
431 1817 545 1879 pyram
568 1798 654 1858 tecto
677 1794 830 1859 interiore
853 1797 913 1860 sub
937 1819 1031 1862 auras

229 1892 325 1978 erige,
348 1896 380 1956 et
402 1914 490 1956 arma
513 1891 584 1976 riri,
606 1891 749 1956 thalamo
774 1913 855 1975 quae
877 1893 942 1957 fixa
963 1893 1095 1978 reliquit
1180 1909 1226 1958 495

228 1989 357 2076 impius,
380 1989 574 2073 exuviasque
598 1988 701 2053 omnis
724 1989 906 2073 lectumque
927 1991 1077 2077 iugalem,

230 2107 293 2171 quo
316 2087 407 2171 perii,
430 2108 526 2169 super
548 2086 709 2168 imponas:
733 2085 860 2150 abolere
881 2088 1011 2152 nefandi

229 2187 343 2248 cuncta
364 2183 426 2247 viri
448 2183 647 2248 monimenta
669 2183 769 2269 iuvat,
790 2187 1014 2268 monstratque
1038 2184 1200 2250 sacerdos?

228 2280 307 2346 haec
329 2279 424 2344 effata
447 2279 534 2364 silet3
557 2280 662 2363 pallor
685 2279 782 2343 simul
805 2285 939 2364 occupat
962 2302 1025 2345 ora.

228 2379 426 2441 nontamen
447 2375 542 2439 Anna
562 2375 656 2440 novis
679 2380 864 2458 praetexere
885 2379 999 2442 funera
1022 2379 1121 2444 saeris
1181 2395 1226 2442 ooo
1282 2401 1283 2434 2

229 2495 413 2559 germanam
435 2472 534 2536 credit
556 2476 747 2537 nectentes
769 2477 876 2537 mente
898 2474 1023 2538 furores

230 2569 369 2653 concipit
392 2571 447 2632 aut
470 2567 618 2652 graviora
640 2568 735 2633 timet
758 2591 854 2652 quam
876 2575 980 2635 morte
1004 2569 1146 2656 Sychaei.

229 2686 305 2752 ergo
328 2667 416 2730 iussa
438 2668 539 2748 parat.

274 2762 320 2828 At
342 2762 463 2847 regina,
485 2784 565 2844 pyra
587 2762 745 2846 penetrali
767 2763 802 2826 in
825 2763 898 2828 sede
922 2764 981 2828 rub
1005 2787 1099 2828 auras

230 2862 334 2925 erecta
356 2859 482 2943 ingenti
504 2859 605 2923 taedis
629 2862 725 2942 atque
747 2857 819 2922 ilice
843 2864 938 2945 secta,
1181 2878 1226 2925 505

229 2955 430 3038 intenditque
453 2956 559 3019 locum
582 2955 677 3019 sertis
701 2958 734 3018 et
756 2955 868 3022 fronde
891 2960 1022 3022 coronat

229 3053 372 3137 funerea3
396 3074 491 3136 super
514 3051 644 3116 exuvias
668 3073 838 3135 ensemque
860 3053 1008 3117 relictum

230 3148 432 3233 effigiemque
455 3152 527 3213 toro
551 3148 646 3234 locat,
667 3147 748 3212 haut
770 3149 883 3232 ignara
905 3149 1014 3213 futuri.

230 3249 318 3309 stant
342 3267 414 3309 arae
437 3245 565 3332 circum,
588 3249 620 3309 et
644 3244 741 3308 crinis
764 3245 864 3308 effusa
887 3246 1033 3310 sacerdos
1279 3319 1280 3322 Ἴ

229 3345 278 3404 ter
301 3344 430 3404 centum
452 3345 545 3405 tonat
569 3361 624 3404 ore
646 3340 732 3425 deos,
753 3339 961 3426 Erebumque
985 3338 1153 3426 Chaosque
1182 3358 1226 3406 aro

229 3437 501 3522 tergeminamque
523 3436 675 3523 Hecaten,
697 3435 762 3500 tria
784 3437 920 3521 virginis
945 3460 1001 3502 ora
1022 3435 1154 3503 Dianae.

230 3537 390 3617 sparserat
414 3537 446 3597 et
468 3533 579 3596 latices
604 3533 773 3598 simulatos
797 3533 897 3598 fontis
919 3534 1050 3620 Averni,
