2556 3966
394 211 542 267 usuum
560 211 692 268 nauale
708 213 744 268 xl
1012 210 1073 276 3'll

109 375 157 437 At
179 373 300 436 medias
323 374 408 438 inter
431 373 540 438 caedes
564 374 688 438 exultat
710 373 865 458 Amazon,

75 493 166 534 unum
189 473 298 534 exerta
320 471 405 534 latus
427 489 563 556 pugnae,
585 471 770 554 pharetrata
793 469 940 558 Camilla,

76 573 100 630 ct
122 589 207 631 nunc
228 567 316 632 lenta
338 589 436 632 manu
459 587 612 652 spargens
636 567 766 633 hastilia
788 569 909 654 denset,
1024 586 1075 636 660

75 685 151 728 6666
174 663 312 727 validam
335 663 447 728 dextra
468 663 554 748 rapit
576 664 734 730 indefessa
759 665 942 752 bipennem3

77 782 181 824 aureus
205 783 244 824 ex
267 781 377 824 umero
400 764 494 824 sonat
518 783 609 825 arcus
633 764 666 826 et
689 783 777 826 661116
799 761 929 828 Dianae.
1029 749 1034 827 .'

76 858 124 923 illa
145 858 243 922 etiam
264 857 300 921 in
322 861 459 942 tergum,
483 856 639 941 siquando
663 859 757 942 pulsa
775 861 917 944 recessit,
1025 848 1029 878 ยน

78 955 190 1038 spicula
212 975 366 1018 converso
389 953 547 1038 fugientia
570 954 687 1040 derigit
710 977 792 1020 arcu.

77 1057 105 1115 at
126 1053 242 1116 circum
264 1051 364 1115 lectae
387 1051 529 1138 comiter,
551 1049 731 1136 Larinaque
754 1051 845 1136 virgo
1025 1069 1076 1118 666

78 1149 224 1233 Tullaque
247 1153 280 1212 et
303 1151 443 1212 aeratam
466 1147 613 1232 quatiens
637 1147 773 1232 Tarpeia
797 1169 947 1234 securem,

78 1245 207 1332 Italides,
230 1266 310 1329 quas
333 1243 404 1328 ipsa
427 1243 521 1309 decus
546 1243 608 1308 sibi
631 1245 684 1310 dia
707 1243 842 1308 Camilla

78 1343 185 1428 delegit
207 1342 359 1426 pacisque
383 1341 484 1406 bonas
508 1341 647 1425 bellique
670 1341 849 1406 ministras:

80 1438 177 1522 quales
200 1437 383 1502 Thraeiciae
406 1459 478 1502 oum
501 1437 633 1502 flumina
656 1438 902 1503 Thermodontis

80 1536 198 1618 pulsant
221 1537 254 1598 et
276 1534 373 1618 pictis
396 1533 557 1598 bellantur
581 1533 758 1600 Amazones
782 1535 879 1600 armis
1023 1551 1077 1600 666

81 1631 266 1696 6666166661
289 1629 498 1717 Hippolyten,
521 1655 577 1696 seu
600 1655 672 1696 cum
695 1655 729 1697 se
753 1632 869 1697 Martia
892 1655 987 1697 curru

80 1727 270 1792 Penthesilea
292 1726 400 1811 refert,
420 1748 601 1812 magnoque
624 1727 769 1792 ululante
793 1728 936 1792 tumultu

81 1825 203 1890 leminea
225 1824 373 1888 exultant
396 1824 515 1888 lunatis
539 1825 667 1910 agmina
689 1825 795 1908 peltis.

82 1942 163 2004 quem
184 1921 249 1985 telo
273 1920 422 2005 primum,
446 1941 540 2004 quem
563 1923 770 2008 postremum,
794 1943 906 2006 aspera
929 1921 1031 2006 virgo,

81 2018 184 2083 deicis?
208 2021 265 2082 aut
288 2021 368 2101 quot
390 2016 480 2081 humi
503 2019 673 2084 morientia
695 2041 829 2102 corpora
851 2019 981 2084 tamdia?
1023 2033 1077 2086 666

81 2113 214 2180 lluneum
237 2111 346 2198 Clytio
370 2113 510 2196 primum
532 2117 632 2201 patre,
655 2115 745 2178 cuius
769 2117 915 2198 apertum

82 2211 191 2276 adversi
214 2211 313 2294 longa
336 2211 573 2276 transverberat
596 2211 701 2275 abiete
724 2216 848 2295 pectus:

81 2309 233 2394 sanguinis
256 2307 311 2372 ille
334 2329 465 2372 vomens
488 2309 574 2372 rivos
598 2308 681 2372 eadit
705 2313 800 2393 atque
823 2313 985 2374 cruentam

81 2405 189 2469 mandit
211 2403 347 2468 humum
370 2404 574 2488 moriensque
597 2427 655 2469 suo
680 2427 713 2470 66
736 2406 770 2470 16
793 2407 922 2471 volnere
944 2411 1060 2472 versat,

80 2505 139 2566 tum
151 2501 252 2566 Lirim
266 2500 488 2586 Pagasumque
503 2523 610 2586 super:
626 2525 762 2586 quorum
777 2503 857 2570 alter
870 2503 1011 2568 habenas
1022 2521 1077 2570 616

80 2601 187 2664 suffuso
211 2599 377 2664 revolutus
401 2621 483 2682 equo
507 2599 582 2664 dum
606 2600 739 2686 colligit,
762 2601 842 2664 alter

80 2697 143 2762 dum
165 2697 253 2762 subit
277 2719 313 2760 ac
335 2697 479 2761 dextram
502 2697 624 2760 labenti
648 2697 751 2760 tendit
771 2698 916 2782 inertem,

80 2796 255 2880 praecipites
278 2795 460 2878 pariterque
484 2797 589 2858 ruunt.
635 2793 686 2857 his
710 2794 797 2858 addit
820 2793 1008 2860 Amastrum

80 2890 281 2977 Hippotaden,
304 2891 512 2975 sequiturque
535 2892 721 2956 incumbens
746 2893 869 2956 eminus
892 2891 987 2956 hasta

80 2987 226 3074 Tereaque
258 2986 539 3071 Harpalycumque
567 2992 599 3052 et
629 2987 874 3071 Demophoonta
908 2986 1074 3054 Chromin-

703 3107 777 3170 que,
1022 3105 1073 3152 616

81 3188 208 3268 quotque
231 3183 347 3248 emissa
370 3203 466 3246 manu
490 3183 647 3247 contorsit
671 3183 793 3266 spicula
813 3183 915 3269 virgo,

81 3281 121 3342 tot
140 3279 272 3366 Phrygii
295 3280 432 3344 cecidere
456 3279 524 3344 viri.
571 3280 684 3364 procul
708 3277 850 3362 Ornytus
874 3283 970 3344 armis

81 3372 186 3456 ignotis
209 3381 242 3441 et
265 3398 347 3460 equo
371 3379 505 3440 venator
527 3375 648 3460 Iapyge
670 3377 781 3462 fertur,

81 3472 121 3534 cui
140 3473 230 3557 pellis
254 3473 337 3536 latos
361 3494 488 3536 umeros
512 3479 621 3556 erepta
644 3473 776 3538 iuvenco

806 3578 859 3629 24*
