2556 3966
377 207 526 264 VERGILI
544 209 676 264 AENEIS
692 209 743 262 XII
1002 209 1067 274 399

101 361 226 434 Interea
249 370 553 436 extremo‘bellator
577 370 611 434 in
634 392 770 454 aequore
794 370 921 434 Turnus
1017 387 1068 436 614

60 467 196 548 palantis
220 467 366 550 sequitur
389 489 507 550 paucos
530 467 594 532 iam
619 468 748 552 segnior
771 472 868 552 atque
964 485 967 490 '

61 563 121 627 iam
144 564 250 628 minus
274 567 370 646 atque
388 563 494 628 minus
518 585 666 628 successu
688 565 792 628 laetus
816 586 978 647 equorum.

61 661 168 723 attulit
190 660 254 724 huc
276 660 325 723 illi
344 659 444 724 caecis
468 661 646 724 terroribus
671 684 748 726 aura

60 757 267 820 commixtum
290 757 470 841 clamorem,
494 761 696 841 arrectasque
719 759 849 841 impulit
873 759 959 822 auris

60 853 209 916 confusae
233 873 331 916 sonus
353 851 443 917 urbis
468 858 500 918 et
522 855 708 920 inlaetabile
731 879 884 919 murmur.

60 950 97 1013 ‘ei
120 951 214 1014 mihi!
239 950 316 1033 quid
338 953 429 1014 tanto
454 951 628 1018 turbantur
651 953 777 1016 moenia
799 953 912 1016 luctu?
1016 967 1068 1018 620

59 1048 169 1130 quisve
192 1048 258 1111 ruit
277 1052 391 1112 tantus
404 1049 540 1116 diversa
563 1049 682 1116 clamor
706 1049 746 1113 ab
769 1049 884 1112 urbef'

60 1147 102 1210 sic
125 1146 172 1209 ait
196 1147 403 1230 adductisque
427 1168 535 1211 amens
560 1145 710 1210 subsistit
731 1145 874 1210 habenis.

59 1247 152 1326 atque
176 1241 261 1329 huic,
283 1244 318 1307 in
340 1244 453 1308 faciem
476 1265 567 1308 soror
590 1247 627 1306 ut
650 1264 803 1306 conversa
825 1243 951 1308 Metisci

60 1341 188 1425 aurigae
211 1361 402 1424 currumque
425 1344 458 1404 et
481 1361 580 1424 equos
604 1344 636 1403 et
658 1340 728 1404 lora
750 1340 893 1426 regebat,

59 1439 177 1502 talibus
202 1438 340 1502 occurrit
364 1437 471 1501 dictis:
496 1437 575 1522 ‘hao,
599 1435 714 1526 Turne,
738 1459 908 1521 sequamur
1016 1453 1067 1500 ouo

8 1539 10 1548 ’
59 1535 267 1620 Troiugenas,
290 1556 353 1617 qua
375 1535 478 1618 prima
501 1535 586 1602 viam
609 1535 744 1600 victoria
766 1535 894 1620 pandit3

60 1637 132 1696 sunt
157 1631 223 1715 alii,
246 1631 302 1714 qui
324 1634 410 1694 tecta
431 1653 529 1694 manu
552 1632 717 1696 defendere
741 1633 875 1716 possint.

58 1728 181 1814 ingruit
205 1727 329 1791 Aeneas
352 1721 444 1791 Italis
469 1729 644 1811 etproelia
667 1728 794 1794 miscet:

59 1833 88 1890 et
110 1847 173 1891 nos
197 1847 291 1888 saeva
313 1846 409 1888 manu
431 1825 598 1890 mittamus
622 1826 734 1890 funera
757 1826 896 1890 Teucris.

58 1947 117 1991 neo
134 1943 271 1988 numero
295 1921 427 1986 inferior
451 1943 577 2006 pugnae
599 1945 657 1986 nec
678 1923 801 1990 honore
823 1925 969 1987 recedes?
1017 1941 1067 1988 030

59 2023 186 2086 Turnus
211 2018 349 2082 adhaec

59 2121 87 2184 ‘o
112 2139 217 2202 soror,
239 2120 271 2179 et
294 2115 412 2180 dudum
436 2117 583 2204 adgnovi,
605 2139 677 2180 cum
700 2117 804 2200 prima
826 2139 883 2202 per
907 2121 1008 2181 artem

58 2217 186 2281 foedera
209 2203 349 2276 turbasti
372 2217 468 2296 teque
490 2213 568 2278 haec
590 2215 623 2277 in
647 2215 732 2278 bella
755 2215 880 2300 dedisti,

59 2320 89 2378 et
111 2333 200 2376 nunc
221 2310 415 2393 nequiquam
439 2311 525 2374 fallis
549 2311 613 2376 dea.
662 2312 716 2376 sed
740 2313 811 2396 quis
836 2311 973 2396 Olympo

58 2412 229 2476 demissam
251 2411 359 2471 tantos
383 2407 486 2471 voluit
509 2413 542 2472 te
564 2411 646 2474 ferre
669 2410 817 2473 labores?
1016 2429 1066 2476 635

59 2534 98 2573 an
120 2506 233 2572 fratris
255 2503 364 2568 miseri
386 2505 488 2568 letum
510 2509 547 2569 ut
571 2506 695 2570 crudele
719 2506 863 2570 videres?

57 2630 133 2671 nam
153 2604 230 2688 quid
249 2602 332 2687 ago?
351 2608 407 2666 aut
422 2625 502 2685 quae
516 2604 580 2666 iarn
600 2604 736 2686 spondet
750 2603 893 2668 Fortuna
908 2605 1066 2668 salntem?

57 2705 123 2770 vidi
149 2701 258 2766 oculos
283 2703 356 2763 ante
378 2700 448 2782 ipse
470 2722 557 2764 meos
581 2723 632 2763 me
654 2722 731 2764 voce
754 2707 920 2765 vocantem

57 2803 256 2882 Murranum,
279 2819 342 2880 quo
365 2819 432 2860 non
455 2801 584 2881 superat
606 2797 686 2860 mihi
710 2798 812 2862 carior
836 2799 925 2884 alter,

59 2902 209 2984 oppetere
232 2896 397 2979 ingentem
420 2899 515 2978 atque
538 2895 662 2979 ingenti
686 2896 816 2960 volnere
840 2896 967 2959 vietum.
1015 2911 1066 2961 640

58 2995 174 3062 occidit
196 2993 309 3058 infelix
331 2996 479 3056 nostrum
501 3013 541 3055 ne
565 2993 699 3056 dedecus
723 2991 822 3057 Ufens

59 3093 227 3177 aspiceret3
250 3089 364 3153 Teucri
386 3090 555 3173 potiuntur
579 3111 711 3172 corpore
735 3093 767 3151 et
789 3089 896 3153 armis.

58 3189 223 3254 excindine
245 3186 357 3251 domos
382 3183 428 3272 (id
450 3185 546 3250 rebus
570 3186 671 3251 defuit
695 3184 809 3273 unum)

57 3285 229 3371 perpetiar,
251 3283 361 3346 dextra
383 3303 441 3347 nec
463 3281 599 3348 Drancis
623 3285 707 3348 dicta
730 3284 906 3349 refellam?

57 3390 148 3469 terga
167 3380 250 3445 dabo
269 3385 301 3444 et
319 3380 463 3444 Turnum
478 3381 655 3465 fugientem
668 3381 745 3445 haec
759 3386 845 3446 terra
863 3383 1066 3447 videbitforo

57 3502 159 3564 usque
182 3469 300 3542 adeone
322 3478 405 3541 mori
428 3478 580 3541 miserum
604 3478 675 3541 est?
699 3499 755 3542 vos
780 3501 798 3542 o
822 3479 902 3542 mihi
925 3501 1033 3542 manes
