2612 3964
197 229 260 292 142
527 227 676 282 VERGILI
694 227 828 282 Aansts
846 227 873 282 11

195 391 287 455 eruit.
332 389 386 454 hic
407 389 489 454 Iuno
514 387 627 454 Scaeas
652 389 838 454 saevissima
860 395 971 473 portas

193 488 299 570 prima
321 491 410 551 tenet
437 487 622 570 sociumque
644 487 754 550 furens
778 509 796 550 a
818 487 955 552 navibus
980 508 1096 572 agmen

194 586 279 650 ferro
304 585 443 649 accincta
465 588 566 649 vocat.

194 683 259 746 iam
281 705 421 746 summas
445 703 531 746 arces
551 681 697 745 Tritonia
720 677 871 768 (respice)
893 679 1001 745 Pallas
1156 695 1213 745 615

194 779 325 865 insedit,
347 780 447 844 limbo
472 777 626 862 effulgens
651 781 683 840 et
707 775 858 862 Gorgone
882 799 984 842 saeva,

194 877 263 959 ipse
285 881 377 960 pater
399 875 520 940 Danais
544 874 666 938 animos
690 875 837 958 viresque
860 875 1013 939 secundas

195 973 330 1057 sufficit,
351 973 421 1056 ipse
444 972 519 1036 deos
542 971 578 1034 in
599 969 749 1034 Dardana
772 971 907 1034 suscitat
930 994 1026 1035 arma.

195 1070 294 1156 eripe,
316 1073 406 1154 nate,
428 1070 552 1154 fugam,
575 1068 735 1150 finemque
757 1067 895 1152 impone
909 1069 1022 1132 labori.

194 1188 353 1250 nusquam
373 1165 520 1230 aberoet
539 1168 648 1228 tutum
665 1164 771 1248 patrio
790 1169 823 1230 te
841 1165 953 1230 limine
973 1165 1109 1229 11111113
1157 1181 1212 1230 110

166 1263 332 1348 dixerat,
355 1266 387 1326 et
412 1262 524 1345 spissis
547 1265 623 1324 noct
623 1261 652 1324 is
676 1283 710 1326 11
733 1263 875 1327 condidit
898 1263 1037 1347 umbris,

52 1423 56 1431 ,
82 1311 182 1438 111111ι
196 1363 350 1470 apparent
336 1359 460 1423 tdirae
482 1358 612 1422 facies
602 1358 794 1442 rnimicaque
817 1359 932 1423 Troiae

195 1457 328 1520 numine
349 1477 467 1540 magna
489 1456 590 1519 deum

239 1553 321 1618 Tum
344 1575 419 1618 1110
444 1575 536 1616 omne
559 1551 639 1616 mihi
662 1551 767 1615 visum
790 1553 954 1617 considere
976 1554 1012 1618 in
1034 1554 1122 1638 ignis

194 1649 291 1714 Ilium
314 1653 346 1714 et
370 1671 408 1713 ex
430 1649 495 1712 imo
519 1649 602 1713 verti
624 1646 790 1732 Neptunia
813 1649 923 1734 Troia3
1157 1668 1212 1716 oro

195 1769 231 1811 10
254 1747 354 1811 veluti
378 1746 510 1810 summis
534 1746 701 1828 antiquam
722 1745 757 1809 in
779 1747 945 1811 montibus
969 1769 1086 1811 ornum

195 1867 267 1909 cum
289 1845 373 1908 ferro
397 1845 532 1908 accisam
555 1843 738 1925 crebrisque
761 1843 954 1926 bipennibus
978 1845 1104 1908 instant

196 1964 305 2007 eruere
328 1943 485 2026 agricolae
508 1940 668 2025 certatim,
691 1939 748 2002 illa
771 1963 872 2024 usque
894 1939 1052 2004 minatur

196 2043 227 2102 et
250 2042 351 2103 treme
374 2039 459 2102 facte
482 2059 606 2100 comam
628 2057 783 2100 concusso
806 2038 925 2102 vertice
948 2043 1058 2125 nutat,

194 2136 379 2200 volneribus
403 2135 502 2198 donec
525 2134 682 2217 paulatim
705 2133 807 2197 evicta
831 2157 1015 2244 supremum
1155 2155 1209 2204 010

195 2233 378 2318 congemuit
400 2231 596 2314 traxitque
586 2231 672 2314 rugis
696 2231 805 2294 avolsa
827 2232 961 2296 ruinam.

195 2331 362 2415 descende,
386 2351 422 2392 ac
445 2329 578 2392 ducente
593 2326 660 2391 deo
683 2326 916 2392 flammamt
867 2333 916 2392 mt
918 2351 952 2392 er
977 2313 1009 2392 11
1030 2329 1139 2394 hostis

195 2427 359 2511 expedior3
382 2425 459 2489 dant
482 2423 547 2488 atla
569 2424 677 2488 locum
699 2423 908 2509 flammaeque
930 2426 1091 2490 recedunt,

237 2524 346 2607 Atque
369 2522 426 2586 ubi
448 2523 513 2585 iam
535 2521 659 2605 patriae
683 2524 873 2603 perventum
896 2522 936 2585 ad
958 2522 1071 2586 limina
1094 2523 1181 2587 sedis

195 2621 407 2704 antiquasque
427 2619 548 2703 domos,
567 2618 702 2702 genitor,
721 2639 816 2701 quern
834 2618 948 2684 tollere
967 2619 1003 2682 in
1020 2620 1105 2683 altos
1154 2637 1206 2685 oso

196 2717 347 2800 optabam
370 2716 509 2799 primum
532 2715 651 2778 montis
674 2714 877 2797 primumque
900 2716 1064 2804 petebam,

196 2816 335 2898 abnegat
358 2812 464 2877 excisa
486 2813 587 2875 vitam
610 2811 783 2894 producere
807 2811 903 2876 Troia

195 2911 390 2993 exiliumque
412 2909 489 2992 pati.
536 2908 605 2972 ‘vos
629 2930 662 2992 o,
685 2907 802 2991 quibus
825 2909 951 2993 integer
973 2911 1044 2974 aevi

196 3005 339 3092 sanguis'
363 3006 408 3070 ait
432 3006 626 3088 ‘solidaeque
650 3025 708 3068 suo
733 3008 821 3068 stant
843 3006 960 3070 robore
983 3007 1082 3095 vires,

196 3127 252 3169 vos
277 3103 398 3188 agitate
421 3103 539 3186 fugam.
1154 3121 1208 3170 140

194 3221 245 3264 me
268 3200 296 3263 si
320 3199 487 3262 caelicolae
509 3198 687 3262 voluissent
710 3198 822 3263 ducere
845 3200 962 3286 vitam,

194 3297 253 3360 has
276 3295 357 3360 mihi
381 3299 560 3359 servassent
584 3295 681 3360 sedes.
728 3297 807 3360 satis
830 3319 894 3360 una
918 3319 1077 3381 superque

194 3393 332 3457 vidimus
357 3391 477 3455 excidia
500 3396 533 3456 et
556 3395 666 3474 captae
689 3392 909 3475 superavimus
932 3393 1013 3458 urbi.

196 3490 241 3553 sic
265 3511 283 3553 o
308 3489 353 3552 sic
376 3488 519 3570 positum
542 3488 640 3551 adfati
664 3489 814 3552 discedite
838 3511 961 3574 corpus.
