2538 3970
408 304 554 360 VERGILI
575 306 705 361 AENEIS
723 307 788 362 VIII
1030 311 1098 376 279

94 469 157 529 tuni
181 467 227 530 sic
248 488 349 551 pauca
372 467 482 531 refert:
507 467 556 532 ‘ut
577 471 620 554 te,
642 468 818 534 fortissime
842 470 1007 559 Teucrum,

94 564 207 647 accipio
232 565 457 650 adgnoscoque
479 564 596 628 libens!
620 569 657 629 ut
680 565 778 631 verba
801 569 944 650 parentis
1046 585 1097 634 155

94 665 122 724 et
142 682 250 725 vocem
274 661 434 725 Anchisae
456 661 566 746 magni
589 662 776 747 voltumque
800 665 962 731 recordor!

93 780 161 822 nam
182 759 313 822 memini
337 757 498 822 Hesionae
520 758 678 823 visentem
699 779 799 844 regna
822 762 942 826 sororis

91 855 378 920 Laomedontiaden
399 853 572 942 Priamum,
595 853 757 920 Salamiua
779 861 949 945 petentem,

90 953 235 1036 protinus
257 951 413 1018 Arcadiae
436 952 558 1038 gelidos
581 952 719 1017 invisere
740 954 823 1017 finis.

90 1055 155 1114 tum
177 1051 259 1114 mihi
282 1051 387 1134 prima
410 1070 509 1135 genas
532 1048 673 1114 vestibat
695 1049 775 1114 flore
797 1051 953 1138 iuventas,
1045 1070 1095 1119 100

89 1148 289 1231 mirabarque
312 1147 406 1212 duces
430 1146 580 1231 Teucros,
601 1146 742 1212 mirabar
766 1151 797 1212 et
821 1148 927 1231 ipsum

88 1244 386 1331 Laomedontiaden,
410 1244 464 1308 sed
487 1243 610 1307 cunetis
633 1244 729 1309 altior
752 1244 821 1309 ibat

88 1343 254 1408 Anchises:
278 1341 359 1406 mihi
381 1361 471 1405 mens
494 1340 634 1404 iuvenali
657 1339 789 1406 ardebat
812 1363 919 1406 amore

87 1440 276 1525 compellare
298 1439 404 1504 virum
428 1441 459 1502 et
482 1438 611 1501 dextrae
634 1437 827 1523 coniungere
853 1439 1005 1504 dextram.

87 1538 202 1602 accessi
226 1541 258 1601 et
282 1537 416 1620 cupidus
439 1535 558 1600 Phenei
581 1534 641 1599 sub
664 1537 791 1600 moenia
814 1537 898 1600 duxi.
1045 1555 1093 1605 ico

86 1637 138 1700 ille
160 1635 242 1700 mihi
266 1635 426 1719 insignem
448 1633 632 1717 pharetram
655 1632 833 1718 Lyciasque
857 1635 993 1719 sagittas

86 1733 247 1797 discedens
272 1730 535 1815 chlamydemque
558 1751 636 1793 auro
660 1730 747 1794 dedit
769 1730 977 1795 intertextam

85 1831 237 1914 frenaque
260 1827 338 1892 bina
359 1850 450 1892 meus
474 1848 555 1910 quae
577 1847 662 1890 nuno
683 1826 782 1890 habet
806 1849 901 1890 aurea
923 1826 1037 1892 Pallas.

84 1949 160 2014 ergo
184 1931 217 1991 et
241 1948 337 2010 quam
359 1925 471 2009 petitis
494 1925 603 1988 iuncta
626 1925 675 1986 est
697 1921 778 1985 mihi
801 1923 926 1988 foedere
949 1924 1069 2012 dextra,

84 2028 116 2087 et
138 2025 196 2088 lux
219 2044 291 2086 cum
314 2022 454 2105 primum
476 2021 571 2084 terris
596 2042 629 2084 se
652 2019 792 2083 crastina
813 2020 932 2105 reddet,
1045 2041 1094 2088 110

84 2121 204 2185 auxilio
228 2119 332 2183 laetos
355 2118 517 2182 dimittam
540 2117 719 2201 opibusque
742 2117 869 2181 iuvabo.

83 2219 205 2283 interea
229 2237 318 2281 sacra
340 2215 426 2302 haec,
450 2215 576 2299 quando
599 2215 662 2279 huo
684 2213 818 2278 venistis
842 2215 944 2301 amici,

83 2338 198 2400 annua,
222 2335 303 2397 quae
326 2313 453 2376 differre
474 2314 574 2396 nefas,
596 2312 753 2376 celebrate
776 2311 919 2376 faventes

82 2413 251 2478 nobiscum
274 2415 306 2475 et
329 2411 394 2473 iam
416 2430 501 2473 nunc
525 2409 685 2473 sociorum
708 2408 884 2473 adsuescite
908 2411 1047 2475 mensis?

126 2510 216 2574 Haeo
237 2508 295 2575 ubi
318 2507 411 2592 dicta,
434 2507 529 2590 dapes
553 2505 643 2570 iubet
667 2510 699 2570 et
722 2506 850 2570 sublata
873 2508 985 2590 reponi
1042 2526 1091 2575 1⁷5

82 2607 198 2692 pocula
220 2605 448 2691 gramineoque
471 2604 558 2667 viros
581 2603 667 2667 locat
689 2602 758 2686 ipse
783 2601 875 2666 sedili

82 2704 351 2789 praecipuumque
374 2705 446 2766 toro
471 2705 502 2764 et
525 2701 633 2764 villosi
656 2699 738 2783 pelle
762 2699 864 2763 leonis

82 2802 199 2886 accipit
220 2800 351 2864 Aenean
376 2798 520 2882 solioque
542 2798 660 2862 invitat
683 2818 805 2861 acerno

81 2903 152 2964 tum
173 2897 250 2963 lecti
272 2896 402 2959 iuvenes
426 2895 573 2958 certatim
596 2916 732 2978 araeque
756 2894 902 2958 sacerdos

81 2999 203 3062 viscera
225 2996 313 3057 tosta
335 2991 444 3056 ferunt
466 2995 634 3056 taurorum
659 2996 855 3074 onerantque
878 2993 1027 3058 canistris
1043 3013 1091 3061 180

82 3095 164 3159 dona
186 3091 351 3155 laboratae
375 3087 498 3154 Cereris
522 3088 746 3174 Bacchumque
768 3090 962 3155 ministrant.

81 3192 220 3257 vescitur
242 3187 366 3252 Aeneas
391 3186 487 3250 simul
510 3191 543 3249 et
566 3186 705 3252 Troiana
727 3187 877 3251 iuventus

81 3287 226 3374 perpetui
249 3287 342 3370 tergo
365 3283 458 3348 bovis
482 3287 514 3346 et
536 3283 726 3349 lustralibus
750 3285 841 3348 extis.

121 3385 300 3468 Postquam
315 3385 461 3464 exempta
474 3380 574 3444 fames
594 3384 626 3444 et
645 3404 733 3446 amor
752 3403 952 3465 compressus
968 3383 1089 3470 edendI,

79 3508 132 3550 rex
155 3480 329 3549 Euandrus
354 3480 411 3544 ait:
436 3478 513 3542 ‘non
534 3478 612 3542 haee
636 3479 802 3543 sollemnia
824 3479 929 3565 nobis,
1040 3498 1089 3546 180

77 3583 133 3649 has
158 3604 197 3646 ex
217 3599 306 3644 more
329 3578 436 3652 danes,
457 3576 540 3640 hanc
563 3576 647 3639 tanti
669 3575 811 3639 numinis
836 3598 923 3639 aram
