2574 3964
195 273 236 336 72
483 269 631 324 VERGILI
649 269 859 327 GEORGICON
878 271 917 324 ΙΙΙ

193 434 255 498 hoc
279 433 358 497 satis
381 433 547 497 armentis:
571 435 701 515 superat
723 454 797 514 pars
821 432 921 497 altera
944 454 1051 519 curae,

194 530 354 614 lanigeros
378 530 500 614 agitare
523 550 636 614 greges
658 528 825 612 hirtasque
848 529 993 612 capellas,

196 627 262 711 [hic
284 627 389 712 labor,
411 627 486 690 hinc
507 626 634 690 laudem
655 626 755 688 fortes
779 629 903 708 sperate
926 625 1054 710 coloni]

196 745 254 788 neo
277 745 347 788 sum
371 724 468 788 animi
492 723 625 809 dubius,
647 722 753 786 verbis
777 745 814 786 ea
835 723 960 786 vincere
982 743 1139 807 magnum

146 884 148 893 ,
197 842 293 903 quam
315 821 358 884 sit
381 824 413 884 et
436 819 582 904 angustis
604 819 690 882 hunc
709 819 821 882 addere
839 819 934 884 rebus
952 819 1123 903 honorem;
1152 835 1208 884 aso

146 906 149 951 ἶ
198 917 252 980 sed
273 939 324 981 me
345 916 479 981 Parnasi
502 918 626 980 deserta
648 938 705 999 per
728 917 826 980 ardua
849 917 949 980 dulcis

132 1050 133 1055 1
196 1019 304 1098 raptat
328 1037 429 1099 am0r3
452 1015 541 1079 iuvat
564 1015 610 1078 ire
633 1013 731 1099 iugis,
755 1035 818 1098 qua
839 1014 929 1078 nulla
952 1013 1094 1098 priorum

198 1111 372 1177 Castaliam
393 1113 484 1176 molli
507 1111 682 1175 devertitur
705 1111 812 1174 orbita
834 1111 925 1175 clivo.
956 1157 958 1162 -

198 1231 297 1296 nuno,
317 1209 495 1274 veneranda
516 1207 625 1294 Pales,
647 1229 763 1292 magno
786 1231 872 1295 nunc
895 1231 949 1273 ore
972 1209 1160 1273 sonandum.

242 1307 400 1390 Incipiens
425 1306 560 1370 stabulis
584 1305 671 1369 edico
694 1305 729 1368 in
751 1306 904 1370 mollibus
926 1305 1060 1374 herbam
1153 1323 1208 1370 295

200 1426 327 1487 carpere
351 1405 434 1490 ovis,
457 1403 533 1466 1111111
554 1424 630 1466 mox
652 1402 804 1467 frondosa
825 1404 987 1467 reducitur
1009 1407 1129 1489 aestas,

199 1505 230 1565 et
253 1501 355 1564 multa
378 1501 489 1564 duram
513 1499 633 1582 stipula
654 1499 844 1584 felicumque
867 1501 1017 1589 maniplis

199 1601 339 1662 sternere
362 1601 472 1680 supter
493 1596 640 1682 humum,
663 1597 780 1680 glacies
803 1619 844 1661 110
866 1597 983 1682 frigida
1005 1597 1111 1662 laedat

199 1695 295 1758 molle
317 1716 427 1780 pecus,
450 1693 650 1776 scabiemque
673 1693 755 1756 ferat
777 1693 946 1777 turpisque
969 1695 1138 1778 podagras,

199 1797 274 1876 post
297 1791 372 1855 hino
394 1792 556 1875 digressus
579 1790 673 1854 iubeo
696 1791 878 1854 frondentia
901 1792 1004 1874 capris
1153 1808 1209 1855 300

200 1889 315 1954 arbuta
338 1889 482 1952 sufficere
505 1892 538 1952 00
560 1887 676 1951 fluvios
699 1887 851 1970 praebere
873 1888 1023 1974 recentis,

200 1991 232 2050 00
256 1986 383 2050 stabula
406 2009 424 2050 a
447 1985 552 2050 ventis
574 1984 709 2048 hiberno
734 2006 893 2068 opponere
917 1985 978 2048 soli

200 2086 240 2150 011
261 2085 401 2148 medium
423 2103 575 2146 conversa
598 2081 694 2167 diem,
717 2103 788 2144 cum
810 2082 945 2166 frigidus
969 2082 1047 2146 clim

166 2252 168 2262 ,
199 2185 264 2248 iam
288 2181 371 2246 eadit
395 2183 599 2262 extremoque
621 2179 744 2242 inrorat
767 2179 918 2262 aquarius
942 2201 1033 2242 anna.

198 2282 276 2345 haec
300 2299 426 2362 quoque
448 2299 514 2340 non
536 2299 611 2340 eura
632 2275 727 2338 nobis
750 2276 870 2340 leviore
892 2277 1043 2362 tuendae,
1153 2294 1208 2342 300

199 2400 257 2442 1100
279 2376 384 2440 minor
406 2396 483 2437 usus
507 2374 581 2459 erit,
604 2372 749 2456 quamvis
773 2372 899 2436 Milesia
921 2393 1038 2456 magno

200 2475 317 2539 vellera
338 2474 504 2535 mutentur
526 2469 641 2553 Tyrios
664 2469 789 2533 incocta
811 2469 956 2532 rubores:

200 2571 327 2636 densior
348 2569 424 2633 hinc
447 2567 574 2635 suboles
580 2620 589 2652 ,
610 2567 685 2630 hinc
707 2567 790 2651 largi
813 2566 904 2648 copia
927 2566 1036 2650 lactis3

202 2691 298 2752 quam
319 2666 422 2750 magis
446 2665 601 2728 exhausto
626 2663 821 2746 spumaverit
843 2663 941 2727 ubere
962 2663 1115 2750 mulctra,
1278 2743 1279 2754 ἵ

200 2767 285 2829 10000
306 2763 409 2846 magis
432 2761 551 2844 pressis
575 2761 751 2824 manabunt
774 2760 906 2824 flumina
927 2761 1083 2824 mammis.
1155 2778 1208 2826 310

201 2885 259 2926 nec
281 2861 386 2925 minus
409 2859 532 2922 11100100
553 2857 670 2922 barbas
693 2858 868 2940 incanaque
890 2861 999 2921 menta

202 2957 355 3041 Cinyphii
377 2955 512 3019 tondent
533 2954 642 3037 hirqui
666 2958 833 3038 saetasque
856 2955 1011 3018 comantis

201 3077 296 3118 usum
317 3053 353 3116 in
375 3056 552 3116 castrorum
576 3055 608 3114 et
630 3052 755 3115 miseris
779 3051 936 3138 velamina
958 3051 1075 3114 nautis.

202 3154 377 3236 pascuntur
399 3170 473 3212 vero
498 3148 594 3212 silvas
618 3151 650 3210 et
674 3171 796 3212 summa
818 3147 933 3232 Lycaei

201 3248 426 3330 horrentisque
449 3246 547 3309 rubos
571 3250 602 3309 et
626 3244 763 3310 amantis
787 3246 885 3310 ardua
908 3245 1034 3328 dum0s3
1156 3259 1209 3310 315

203 3351 298 3429 atque
320 3345 409 3426 ipsae
431 3364 585 3406 memores
609 3343 743 3407 redeunt
765 3343 800 3406 in
822 3346 907 3406 tecta
930 3362 1068 3423 suosque

203 3443 336 3525 ducunt,
360 3444 391 3504 et
415 3439 545 3524 gravido
570 3445 723 3522 superant
745 3441 799 3504 vix
822 3439 919 3502 ubere
940 3438 1048 3502 limen.

203 3560 279 3624 ergo
304 3538 390 3602 omni
415 3536 520 3600 studio
544 3537 676 3620 glaciem
699 3542 875 3620 ventosque
897 3535 1027 3620 nivalis,
