2612 3964
201 245 284 320 120'
527 250 677 308 1000111
697 253 857 308 1100101

197 417 283 482 hunc
306 438 366 504 ego
390 417 532 500 sopitum
555 437 667 480 somno
691 437 786 498 super
806 416 875 480 alta
898 413 1038 499 Cythera
1160 431 1217 480 080

199 518 256 578 001
279 537 375 598 super
396 514 534 580 Idalium
557 515 681 578 0001010
704 511 777 576 sede
799 512 981 596 recondam,

199 630 303 693 nequa
326 611 405 676 scire
428 610 520 675 dolos
543 610 704 674 mediusve
727 630 890 674 occurrere
912 610 1024 693 possit.

199 709 236 770 10
258 707 371 772 faciem
394 707 482 770 illius
504 709 632 769 noctem
653 727 720 770 non
742 706 879 788 amplius
902 728 999 769 unam

199 803 275 868 falle
297 804 371 868 dolo
395 807 427 868 et
450 807 546 868 notos
569 803 661 886 pueri
683 823 763 885 puer
785 802 882 865 indue
904 803 1026 887 voltus,

199 904 249 985 ut,
272 922 343 965 cum
364 904 398 964 te
421 900 543 984 gremio
567 897 700 982 accipiet
723 899 899 963 laetissima
922 899 1005 964 Dido
1162 918 1218 966 080

199 998 316 1082 regalis
338 998 423 1061 inter
445 1018 572 1061 mensas
595 995 786 1079 laticemque
809 995 965 1082 Lyaeum,

199 1116 272 1158 cum
294 1095 383 1159 dabit
406 1095 570 1177 amplexus
594 1096 690 1175 atque
713 1093 822 1157 oscula
846 1093 949 1158 dulcia
972 1095 1065 1179 figet,

200 1191 360 1254 occultum
383 1191 521 1274 inspires
544 1190 651 1274 ignem
673 1189 830 1272 fallasque
854 1191 995 1256 veneno?

200 1287 531 1370 paretAm01diotis
555 1308 644 1350 carae
667 1285 848 1370 genetricis,
873 1291 904 1349 et
928 1287 995 1351 alas

201 1384 289 1449 exuit
312 1389 344 1449 et
367 1405 480 1469 gressu
503 1383 645 1468 gaudens
668 1382 787 1446 incedit
808 1381 879 1446 Iuli.
1162 1404 1219 1451 690

151 1499 154 1561 ξ
200 1487 234 1545 01
256 1479 366 1545 Venus
389 1479 527 1543 Ascanio
551 1477 708 1562 placidam
731 1501 788 1562 per
811 1479 955 1543 membra
978 1481 1122 1564 quietem

151 1570 154 1601 ⁴
200 1579 320 1663 inrigat
343 1582 376 1642 et
398 1578 503 1642 fotum
526 1575 648 1661 gremio
672 1575 730 1638 dca
752 1575 840 1640 tollit
862 1576 898 1640 in
920 1578 1003 1641 altos

147 1674 150 1705 ³
199 1675 318 1739 Idaliae
340 1675 445 1758 lucos,
467 1673 523 1737 ubi
546 1673 653 1735 mollis
677 1694 841 1736 amaracus
863 1673 956 1736 illum

145 1772 148 1854 ξ
201 1772 334 1837 floribus
358 1775 390 1836 01
413 1772 497 1835 (10101
520 1771 686 1853 adspirans
709 1770 933 1852 complectitur
956 1771 1077 1835 umbra.

201 1871 327 1953 iamque
350 1869 419 1933 ibat
442 1867 527 1932 (11010
550 1887 666 1950 parens
690 1869 722 1929 et
745 1866 828 1929 dona
852 1864 975 1950 Cupido
1162 1889 1219 1938 695

200 1967 289 2052 regia
311 1966 462 2050 portabat
484 1964 590 2048 Tyriis
614 1963 692 2026 (1000
713 1963 817 2027 100100
840 1961 972 2028 Achate.

201 2087 273 2129 cum
295 2063 397 2147 venit,
420 2061 539 2126 aulaeis
562 2061 627 2124 iam
650 2080 684 2122 se
706 2059 817 2144 regina
841 2061 987 2143 superbis

201 2181 296 2225 aurea
319 2157 500 2241 composuit
523 2156 644 2242 sponda
666 2156 866 2240 mediamque
888 2159 1018 2242 locavit3

201 2259 264 2322 iam
287 2260 379 2340 pater
401 2253 524 2318 Aeneas
549 2257 581 2316 et
602 2253 666 2315 iam
689 2252 829 2318 Troiana
850 2255 999 2319 iuventus

201 2353 407 2436 conveniunt,
431 2353 597 2434 stratoque
622 2371 717 2432 super
740 2350 952 2414 discumbitur
976 2355 1073 2416 ostro.
1160 2371 1217 2421 700

201 2452 278 2514 dant
299 2447 448 2512 manibus
471 2447 584 2510 famuli
607 2446 757 2529 lymphas
780 2468 979 2531 cereremque
1002 2449 1155 2515 canistris

201 2547 373 2631 expediunt
395 2543 563 2626 tonsisque
586 2542 693 2606 ferunt
715 2545 869 2608 mantelia
891 2545 985 2610 villis.

201 2642 436 2730 quinquaginta
457 2641 545 2704 intus
568 2639 715 2724 famulae,
737 2641 855 2723 quibus
879 2642 988 2705 ordine
1010 2643 1142 2727 longam
1177 2641 1181 2651 '

200 2763 275 2805 cura
298 2760 415 2823 penum
439 2740 562 2800 struere
586 2739 618 2799 et
640 2734 777 2800 flammis
802 2738 928 2802 adolere
949 2744 1098 2825 penates3

200 2841 328 2901 centum
350 2835 430 2898 aliae
452 2833 650 2916 totidemque
672 2854 764 2915 pares
789 2838 893 2898 aetate
915 2835 1070 2922 ministri,
1160 2857 1216 2904 705

201 2933 257 3017 qui
279 2932 414 3014 dapibus
437 2952 562 2994 mensas
586 2935 720 2994 onerent
743 2935 775 2995 ct
797 2932 912 3015 pocula
933 2937 1064 3016 ponant.

199 3051 346 3094 necnon
368 3032 400 3092 ct
422 3027 513 3110 Tyrii
535 3049 592 3110 per
614 3027 727 3090 limina
749 3028 833 3092 laeta
855 3028 1038 3111 frequentes

200 3147 387 3209 convenere,
410 3125 491 3188 toris
514 3123 596 3187 iussi
619 3123 817 3188 discumbere
839 3125 943 3208 pictis.

199 3225 359 3289 mirantur
381 3223 464 3285 dona
486 3220 626 3306 Aeneae,
648 3222 807 3284 mirantur
829 3221 935 3285 lulum

200 3320 430 3406 flagrantisque
452 3317 503 3383 dei
525 3317 632 3381 voltus
657 3317 870 3402 simulataque
892 3318 996 3382 verba.
1123 3387 1126 3394 ,
1162 3340 1217 3390 710

201 3418 396 3502 [pallamque
419 3419 451 3479 01
472 3414 596 3498 pictum
619 3436 729 3478 croceo
752 3413 898 3478 velamen
920 3413 1080 3500 acantho]

200 3514 387 3599 *praecipue
409 3511 535 3595 infelix,
558 3511 641 3593 pesti
664 3511 779 3575 devota
801 3511 940 3596 futurae,
