2612 3964
214 211 277 274 158
537 211 686 266 VERGILI
705 212 838 267 AENEIS
857 213 896 266 111

213 374 344 459 excipit,
367 377 422 437 aut
446 395 528 456 quae
552 372 649 458 digna
673 373 752 436 satis
777 373 907 438 fortuna
929 375 1056 460 revisit,

213 469 361 535 Hectoris
384 468 629 534 Andromache?
652 468 794 552 Pyrrhin
816 471 953 535 conubia
977 470 1117 535 servas?

213 567 324 631 deiecit
347 568 472 632 voltum
497 570 529 629 et
553 565 691 629 demissa
713 587 789 630 voce
811 566 920 632 locuta
942 572 1005 632 cst:
1171 585 1218 632 333

214 662 244 726 ‘o
267 663 344 726 felix
367 686 431 726 una
454 665 528 726 ante-
551 661 631 725 alias
654 661 814 726 Priameia
836 665 928 749 virgo
934 718 943 751 ‚

212 760 365 825 hostilem
388 761 426 824 ad
449 759 611 823 tumulum
633 759 750 824 Troiae
774 761 833 824 sub
856 763 1026 826 moenibus
1050 763 1126 826 altis

212 858 300 920 iussa
322 857 418 942 mori,
440 877 521 940 quae
546 855 683 919 sortitus
706 878 773 920 non
794 858 929 939 pertulit
952 859 1037 922 ullos

212 975 271 1018 nec
292 955 424 1019 victoris
450 953 496 1016 eri
519 952 629 1037 tetigit
652 953 779 1036 captiva
802 954 919 1019 cubile!

212 1073 272 1115 nos
295 1051 400 1134 patria
422 1051 551 1114 incensa
576 1049 701 1113 diversa
724 1071 780 1133 per
804 1073 942 1135 aequora
964 1058 1075 1118 vectae
1173 1071 1220 1118 ³25

214 1147 325 1230 stirpis
348 1145 512 1210 Achilleae
535 1146 639 1209 fastus
662 1145 872 1232 iuvenemque
896 1150 1071 1232 superbum

215 1244 344 1308 servitio
369 1243 480 1307 enixae
504 1243 638 1306 tulimus
644 1295 653 1327 ‚
677 1243 733 1325 qui
757 1243 868 1307 deinde
892 1249 1020 1309 secutus

214 1341 369 1405 Ledaeam
392 1339 591 1403 Hermionen
613 1339 943 1425 Lacedaemoniosque
965 1343 1159 1426 hymenaeos
1277 1331 1278 1394 l

214 1461 264 1502 me
291 1437 413 1502 famulo
442 1437 659 1519 famulamque
681 1435 804 1500 Heleno
833 1439 1014 1502 transmisit
1039 1439 1220 1505 habendam.

215 1540 265 1600 ast
291 1535 383 1598 ‘llum
406 1537 533 1616 ereptae
555 1555 672 1618 magno
696 1532 879 1597 flammatus
903 1555 1010 1598 amore
1174 1554 1221 1602 333

215 1632 360 1716 coniugis
387 1634 418 1693 et
443 1630 597 1693 scelerum
619 1630 712 1693 furiis
737 1630 879 1714 agitatus
904 1628 1034 1695 Orestes

215 1729 333 1812 excipit
355 1728 520 1790 incautum
542 1726 727 1810 patriasque
752 1727 924 1790 obtruncat
947 1728 988 1790 ad
1011 1751 1091 1794 aras.

214 1830 318 1890 morte
341 1822 547 1906 Neoptolemi
570 1843 745 1907 regnorum
767 1823 891 1887 reddita
914 1825 1010 1888 cessit

214 1943 289 2007 pars
312 1919 451 2004 Heleno,
475 1918 532 2002 qui
557 1915 717 1983 Chaonios
742 1921 931 2004 cognomine
955 1942 1086 2006 campos

216 2018 455 2100 Chaoniamque
480 2036 606 2079 omnem
629 2014 769 2079 Troiano
793 2038 811 2078 a
835 2012 964 2080 Chaone
989 2017 1085 2103 dixit,
1176 2037 1222 2085 335

214 2117 433 2202 Pergamaque
456 2111 650 2195 Iliacamque
673 2111 759 2196 iugis
782 2111 865 2176 hanc
888 2113 1010 2177 addidit
1034 2138 1144 2181 arcem.

215 2215 271 2279 sed
292 2213 355 2277 tibi
378 2211 436 2295 qui
460 2232 589 2273 cursum
611 2209 713 2294 venti,
737 2231 818 2292 quae
840 2210 907 2273 fata
930 2209 1064 2276 dedere?

215 2315 271 2376 aut
294 2310 443 2394 quisnam
466 2308 615 2398 ignarum
637 2305 760 2370 nostris
784 2306 860 2369 deus
885 2307 1010 2390 appulit
1035 2311 1122 2375 oris?

216 2406 293 2491 quid
314 2427 393 2488 puer
416 2401 597 2466 Ascanius?
621 2404 815 2485 superatne?
838 2407 870 2467 33
893 2404 1034 2468 vescitur
1058 2429 1148 2494 aura,

216 2526 310 2588 quem
332 2501 394 2565 tibi
416 2500 481 2564 iam
504 2499 600 2563 Troia
649 2551 1135 2568 ..........
1176 2521 1224 2570 340

215 2720 314 2781 ecqua
336 2701 444 2760 tamen
466 2697 602 2777 puerost
626 2694 761 2756 amissae
785 2715 860 2757 cura
883 2697 1050 2778 parentis?

216 2795 328 2878 ecquid
350 2794 385 2856 in
408 2793 576 2876 antiquam
589 2790 756 2854 'virtutem
778 2791 965 2875 animosque
988 2793 1092 2858 virilis

216 2897 247 2954 et
271 2895 363 2974 pater
387 2888 512 2952 Aeneas
537 2891 569 2952 33
592 2887 766 2952 avonculus
790 2887 909 2950 excitat
931 2886 1087 2953 Hector?’
1177 2908 1225 2956 343

216 2988 327 3072 *[haec
341 2987 481 3050 multum
494 2985 664 3049 lacrimans
679 2983 777 3046 verba
791 2983 876 3048 inter
890 2984 1020 3069 singula
1033 2987 1163 3072 fundit]
1178 3004 1226 3052 343

215 3085 295 3149 talia
319 3083 476 3147 fundebat
499 3083 669 3146 lacrimans
691 3081 870 3166 longosque
894 3083 997 3147 ciebat
1178 3101 1227 3150 344

215 3183 380 3246 incassum
402 3180 511 3263 fletus,
536 3201 608 3244 cum
631 3201 699 3242 sese
723 3201 741 3242 a
763 3179 931 3242 moenibus
954 3180 1050 3244 heros
1178 3197 1227 3246 343

214 3276 393 3342 Priamides
416 3276 528 3340 multis
552 3274 695 3339 Helenus
720 3275 949 3340 comitantibus
973 3277 1077 3342 adfert

219 3373 451 3458 adgnoscitque
476 3395 550 3436 suos
573 3373 741 3455 laetusque
765 3373 805 3435 ad
826 3373 939 3436 limina
961 3374 1057 3439 ducit.
1179 3392 1227 3441 343

220 3467 371 3552 procedo,
396 3471 427 3530 et
450 3490 581 3551 parvam
604 3468 733 3532 Troiam
757 3469 969 3553 simulataque
991 3473 1120 3556 magnis
1180 3489 1229 3538 343
