2538 3970
186 239 252 304 254
507 237 655 292 VERGILI
674 237 806 292 saunis
824 237 876 291 vir
955 311 957 316 Ι

124 417 131 455 x
187 399 372 483 spieulaque
397 400 554 483 clipeique
577 401 748 482 ereptaque
770 402 877 463 rostra
899 399 1026 463 carinis.

185 498 256 581 ipse
279 495 438 572 Quirinali
460 497 542 560 lituo
565 517 727 580 parvaque
750 496 881 560 sedebat

187 596 369 659 succinctus
392 594 503 658 trabea
525 593 678 676 laevaque
701 592 803 655 ancile
826 591 958 676 gerebat

185 689 291 777 Picus,
315 713 405 756 ecum
428 691 581 774 domitor,
607 713 702 774 quem
725 692 817 772 capta
840 689 989 771 cupidine
1012 688 1159 754 coniunx

186 810 282 852 aurea
304 810 491 872 percussum
514 788 605 872 virga
628 806 819 868 versumque
837 787 968 850 venenis
1152 802 1210 850 190

132 879 139 929 ἶ
186 885 263 949 fecit
286 907 377 948 avem
400 883 490 949 Circe
514 885 696 966 sparsitque
719 881 881 947 coloribus
905 883 980 947 alas.

186 981 244 1045 tali
267 982 356 1046 intus
379 981 499 1064 templo
524 981 631 1044 divom
653 981 821 1064 patriaque
844 977 979 1044 Latinus

167 1079 259 1168 „Sssdt
283 1080 394 1147 sedens
413 1078 556 1148 ¹Teucros
580 1078 620 1141 ad
642 1099 711 1141 sese
733 1077 769 1140 in
791 1080 875 1140 tecta
897 1079 1035 1164 vocavit,

186 1180 283 1261 atque
306 1176 385 1240 haec
407 1176 562 1260 ingressis
578 1174 710 1268 plac—ido
733 1174 822 1258 prior
845 1175 943 1240 edidit
967 1195 1035 1241 ore:

232 1271 359 1358 ‘Dicite
367 1271 567 1336 Dardanidae
573 1269 690 1358 (neque
705 1271 790 1335 enim
802 1272 963 1346 nescimus
973 1277 1006 1337 et
1015 1273 1127 1338 urbem
1144 1289 1202 1339 ωε»

186 1374 219 1434 et
242 1391 353 1454 genus,
376 1369 540 1452 auditique
563 1367 729 1432 advertitis
754 1389 890 1452 aequore
914 1369 1067 1456 cursum),

187 1469 264 1551 quid
286 1467 419 1551 petitis?
443 1487 524 1550 quae
547 1487 642 1530 eausa
664 1468 750 1530 rates
774 1469 830 1528 aut
853 1467 944 1530 euius
968 1467 1090 1552 egentis

186 1565 265 1629 litus
289 1565 328 1630 ad
351 1564 532 1628 Ausonium
554 1566 605 1627 tot
626 1585 683 1646 per
706 1561 785 1626 vada
809 1563 935 1627 caerula
957 1564 1065 1629 vexit?

187 1661 254 1726 sive
277 1684 383 1727 errore
409 1662 475 1724 viae
499 1683 555 1724 seu
577 1659 823 1742 tempestatibus
847 1661 910 1724 acti

187 1755 310 1844 (qualia
331 1759 434 1822 multa
456 1757 538 1820 mari
559 1759 676 1820 nautae
697 1757 866 1840 patiuntur
887 1758 923 1821 in
945 1755 1027 1846 alto)
1140 1777 1197 1825 200

186 1855 329 1918 fluminis
352 1854 500 1919 intrastis
524 1853 611 1938 ripas
633 1856 793 1936 portuque
816 1854 944 1940 sedetis,

185 1973 226 2016 ne
249 1952 351 2036 fugite
371 1950 552 2035 hospitium
573 1971 652 2014 neve
675 1950 822 2034 ignorate
845 1948 978 2016 Latinos

187 2046 319 2114 Saturni
342 2052 478 2134 gentem,
500 2047 580 2111 haut
603 2047 706 2111 vinclo
728 2067 787 2110 nec
808 2047 935 2132 legibus
959 2069 1102 2135 aequam,

186 2149 301 2228 sponte
324 2166 383 2208 sua
405 2143 584 2227 veterisque
607 2143 658 2207 dei
681 2165 715 2208 se
738 2165 827 2208 more
850 2148 1019 2210 tenentem.

186 2245 284 2324 atque
306 2241 451 2323 equidem
473 2239 604 2304 memini
626 2237 725 2326 (fama
748 2245 797 2304 est
820 2241 987 2307 obscurior
1010 2241 1116 2332 annis)
1139 2262 1193 2311 205

185 2336 356 2401 Auruncos
379 2338 426 2401 ita
449 2336 531 2400 ferre
554 2358 654 2421 senes,
676 2337 727 2400 his
751 2341 841 2402 ortus
865 2343 902 2402 ut
925 2340 1011 2425 agris

186 2433 354 2502 Dardanus
368 2433 486 2516 ,Idaeas
509 2433 668 2518 Phrygiae
690 2436 872 2518 penetravit
896 2437 935 2500 ad
957 2437 1053 2502 urbes

186 2532 447 2616 Thraeiciamque
470 2530 609 2617 Samum,
631 2555 712 2615 quae
734 2553 819 2597 nunc
839 2530 1059 2599 Samothracia
1079 2536 1192 2603 fertur.

185 2629 261 2694 hinc
283 2629 385 2715 illum,
408 2626 542 2712 Corythi
565 2628 731 2712 Tyrrhena
753 2630 794 2694 ab
818 2631 892 2694 sede
913 2632 1101 2718 profectum,

106 2732 127 2773 ¹»
161 2714 281 2790 'aurea
302 2747 388 2790 nuno
411 2725 494 2790 solio
517 2726 676 2790 stellantis
699 2727 788 2811 regia
811 2727 890 2791 caeli
1136 2747 1190 2798 aio

186 2823 302 2906 accipit
325 2828 357 2888 et
378 2845 548 2886 numerum
570 2823 716 2887 divorum
740 2823 897 2889 altaribus
920 2828 1036 2911 auget’

229 2917 373 3004 Dixerat,
396 2923 428 2982 et
451 2918 536 2982 dicta
557 2918 698 2984 Ilioneus
722 2921 768 2984 sic
790 2943 867 2986 voce
890 2928 1031 2988 secutus:

187 3016 263 3101 ‘rex,
286 3037 386 3100 genus
410 3015 576 3100 egregium
598 3014 709 3103 Fauni,
731 3039 790 3082 neo
813 3017 965 3084 fluctibus
990 3025 1078 3086 actos

186 3117 255 3177 atra
279 3113 407 3197 subegit
430 3112 534 3177 hiems
556 3115 673 3178 restris
696 3115 861 3180 succedere
883 3117 979 3182 terris

184 3232 243 3275 nec
267 3210 354 3274 sidus
377 3210 508 3294 regione
530 3210 600 3274 viae
621 3211 740 3276 litusve
762 3212 891 3279 fefellit:
1134 3233 1186 3282 215

185 3307 320 3372 consilio
342 3307 426 3370 hanc
449 3328 558 3371 omnes
581 3309 759 3394 animisque
782 3311 964 3377 volentibus
987 3314 1100 3378 urbem

185 3404 367 3490 adferimur,
389 3404 476 3487 pulsi
498 3406 617 3490 regnis,
640 3429 721 3490 quae
743 3409 882 3472 maxima
905 3410 1064 3494 quondam

185 3506 327 3568 extremo
351 3503 480 3566 veniens
505 3500 560 3567 Sol
584 3504 760 3588 aspiciebat
783 3503 928 3590 Olympo
