2538 3970
400 283 547 339 t'EltGlLI
566 283 697 339 AENElS
717 285 780 340 l’lIl
1026 286 1090 351 283

82 445 227 530 populeis
251 445 368 509 adsunt
392 446 510 510 evincti
533 450 678 530 tempora
700 447 807 531 remia,

81 543 134 606 hic
155 543 308 606 iuvenum
332 543 458 630 chorus,
480 543 536 606 ille
559 565 686 628 senum3
711 544 767 628 qui
789 544 928 608 carmine
950 543 1059 608 laudes

82 639 253 703 Herculeas
277 643 310 703 et
333 638 418 704 facta
440 640 560 704 femnt:
584 644 621 704 ut
644 641 747 724 prima
769 662 922 706 novercae

82 741 225 800 monstra
248 759 346 800 manu
370 737 579 822 geminosque
603 758 749 821 premens
772 737 893 800 eliserit
916 759 1046 824 angues,

82 838 118 896 ut
139 833 224 897 bello
249 833 394 918 egregias
417 833 502 898 idem
526 832 685 898 disiecerit
708 833 813 918 urbes,
1038 851 1089 900 300

81 930 273 1014 Troiamque
297 927 551 1015 Oechaliamque,
573 933 611 993 ut
634 930 731 994 duros
753 929 841 994 mille
864 930 990 994 labores

80 1048 153 1112 rege
176 1025 237 1090 sub
260 1025 447 1109 Eurystheo
470 1027 547 1091 fatis
570 1024 703 1091 Iunonis
726 1027 854 1111 iniquae

80 1123 256 1208 pertulerit.
305 1122 353 1186 ‘tu
375 1124 565 1209 nubigenas,
587 1121 719 1209 Invicte,
740 1123 929 1188 bimembris

79 1219 302 1304 Hylaeumque
325 1219 534 1307 Pholumque,
556 1243 663 1306 manu,
687 1224 724 1283 tu
747 1217 857 1283 Cresia
878 1224 999 1284 mactas

78 1317 226 1402 prodigia
249 1321 282 1381 et
305 1321 433 1381 vastum
455 1315 594 1382 Nemeae
617 1318 678 1382 sub
701 1339 780 1401 rupe
802 1317 934 1382 leonem.
1037 1335 1087 1386 030

77 1419 110 1478 00
134 1413 243 1500 Stygii
265 1417 424 1479 tremuere
446 1415 544 1500 lacus,
567 1418 599 1478 te
622 1413 742 1478 ianitor
765 1411 839 1477 Orci

77 1534 152 1576 ossa
176 1533 274 1594 super
296 1511 452 1576 recubans
475 1515 569 1575 antro
594 1533 715 1576 semesa
738 1515 884 1594 cruent03

75 1631 134 1674 nec
157 1613 190 1672 te
212 1609 298 1672 ullae
320 1607 427 1696 facies,
449 1629 517 1673 non
537 1609 654 1672 terruit
675 1608 745 1691 ipse
768 1607 954 1694 TyphoeuS,

76 1707 195 1770 arduus
220 1729 309 1770 arma
331 1709 460 1790 tenens3
483 1727 549 1769 non
571 1709 604 1769 te
626 1705 762 1769 rationis
781 1709 928 1790 egentem

76 1803 239 1868 Lernaeus
262 1802 359 1866 turba
382 1804 524 1886 capitum
547 1802 758 1868 circumstetit
781 1802 903 1886 anguis
1035 1821 1086 1871 300

76 1901 174 1986 salve,
196 1922 273 1964 vera
295 1897 381 1964 Iovis
404 1900 520 1985 proles,
544 1901 639 1964 decus
663 1898 768 1963 addite
791 1898 883 1984 divis,

75 2004 109 2062 et
130 2019 192 2062 nos
216 2002 249 2061 et
270 2001 328 2060 tua
350 1997 461 2062 dexter
484 1997 536 2061 adi
558 1997 636 2081 pede
660 2017 748 2060 sacra
772 1995 930 2060 secundo’

74 2095 154 2158 talia
177 2092 374 2157 carminibus
398 2092 573 2178 celebrant3
597 2115 692 2177 super
716 2093 823 2157 omnia
846 2090 920 2156 Caci

75 2191 262 2273 speluncam
285 2189 426 2254 adiciunt
450 2190 689 2274 spirantemque
711 2189 840 2274 ignibus
864 2190 977 2273 ipsum.

73 2290 232 2351 consonat
256 2307 349 2349 omne
371 2307 484 2349 nemus
508 2287 648 2369 strepitu
670 2286 830 2370 collesque
853 2288 1018 2353 resultant.
1033 2308 1084 2356 300

118 2383 218 2448 Exim
240 2405 275 2446 se
298 2383 404 2446 cuncti
427 2382 544 2446 divinis
567 2383 663 2447 rebus
687 2383 727 2447 ad
749 2383 862 2447 urbem

72 2480 225 2565 perfectis
249 2480 400 2544 referunt.
447 2480 517 2544 ibat
539 2502 595 2544 rex
619 2480 744 2544 obsitus
768 2501 845 2544 aevo

73 2584 106 2643 et
130 2578 281 2643 comitem
303 2576 435 2641 Aenean
456 2578 548 2642 iuxta
569 2581 744 2660 natumque
766 2576 897 2640 tenebat

73 2675 256 2761 ingrediens
278 2673 432 2757 varioque
454 2673 540 2738 viam
563 2695 709 2739 sermone
731 2673 867 2737 levabat.

73 2775 211 2836 miratur
224 2771 401 2860 Que
425 2771 534 2835 oculos
557 2771 620 2835 fert
643 2771 750 2835 omnia
773 2771 891 2834 circum
1033 2789 1084 2840 310

73 2869 199 2934 Aeneas
223 2869 412 2951 capiturque
435 2868 514 2932 locis
539 2872 570 2932 et
594 2868 722 2952 singula
743 2867 847 2932 laetus

74 2965 278 3050 exquiritque
301 2964 453 3048 auditque
476 2965 581 3029 virum
603 2962 800 3028 monimenta
822 2963 974 3047 priorum.

73 3069 143 3127 tum
165 3085 222 3126 rex
245 3061 427 3146 Euandrus,
450 3059 613 3125 Romanae
636 3061 782 3126 conditor
806 3063 897 3149 arcia,

75 3161 166 3225 ‘haec
188 3181 320 3223 nemora
342 3159 510 3242 indigenae
533 3159 622 3222 fauni
644 3158 868 3243 nymphaeque
890 3163 1043 3227 tenebant

74 3279 215 3342 gensque
237 3257 343 3320 viriam
365 3256 488 3319 truncis
512 3259 544 3318 00
567 3256 646 3320 duro
669 3256 785 3319 robore
809 3260 895 3342 nata,
1031 3278 1082 3324 aro

73 3357 143 3438 quis
161 3375 268 3437 neque
285 3375 355 3418 mos
373 3373 476 3436 neque
499 3352 605 3416 cultus
623 3357 701 3437 erat,
723 3373 781 3416 nec
799 3353 931 3438 iungere
954 3358 1064 3418 tauros

73 3456 126 3516 aut
149 3471 340 3534 componere
364 3471 439 3533 opes
462 3453 579 3513 norant
603 3453 658 3513 aut
681 3471 809 3532 parcere
831 3453 936 3536 parto,

73 3549 125 3612 sed
147 3547 231 3612 rami
254 3550 350 3631 atque
374 3567 467 3629 asper
490 3547 577 3610 victu
600 3550 734 3610 venatus
755 3547 868 3611 alebat.
