2538 3970
386 245 534 304 vanans
553 249 685 304 nanus
704 249 754 305 VII
1013 253 1078 317 255

74 401 120 466 ab
144 403 212 470 Iove
233 408 427 492 principium
450 411 585 497 generis,
607 411 684 477 Iove
706 412 856 478 Dardana
878 415 980 498 pubes

73 502 189 583 gaudet
209 526 276 591 avo,
300 528 355 570 rex
379 507 448 590 ipse
471 507 556 572 Iovis
580 509 618 572 de
643 514 738 594 gente
762 533 921 594 suprema:
1026 529 1077 577 220

72 596 187 664 Troius
208 599 331 668 Aeneas
356 607 412 666 tua
434 625 494 669 nos
518 603 558 668 ad
579 604 692 672 limina
714 607 812 672 misit.

72 699 191 778 quanta
211 721 268 782 per
289 699 402 764 Idaeos
427 701 529 766 saevis
554 702 655 768 effusa
678 703 821 787 Mycenis

71 796 242 878 tempestas
265 797 341 861 ierit
364 820 504 883 campos,
527 799 645 883 quibus
669 805 758 865 actus
782 805 917 884 uterque

70 889 218 976 Europae
241 899 338 978 atque
360 895 458 960 Asiae
480 896 557 960 fatis
581 899 778 962 concurrerit
801 897 899 983 orbis,

71 989 172 1053 audiit
193 993 225 1055 et
249 992 374 1075 siquem
397 993 494 1057 tellus
519 997 660 1059 extrema
682 995 791 1060 refuso
1025 1011 1075 1059 220

71 1092 248 1152 summovet
272 1111 389 1156 oceano
413 1094 445 1154 00
469 1090 593 1173 siquem
615 1095 745 1156 extenta
767 1092 935 1176 plagarum

70 1188 223 1266 quattuor
244 1185 279 1250 in
302 1187 405 1251 medio
430 1187 552 1251 dirimit
575 1189 671 1274 plaga
695 1187 781 1253 Solis
804 1189 916 1272 iniqui.

69 1280 189 1346 diluvio
212 1304 252 1346 ax
274 1284 331 1348 illo
355 1287 407 1350 tot
428 1287 521 1349 vasta
543 1307 601 1368 per
623 1305 762 1370 aequora
780 1285 864 1348 vecti

68 1377 118 1442 dis
141 1379 247 1445 sedem
270 1382 419 1466 exiguam
442 1382 556 1467 patriis
579 1383 722 1466 litusque
745 1403 896 1466 rogamus

67 1476 241 1542 innocuum
260 1481 292 1542 00
306 1479 428 1543 cunctis
447 1480 629 1562 undamque
647 1501 820 1562 auramque
834 1482 1005 1561 patentem.
1023 1496 1074 1544 230

67 1595 132 1638 000
156 1575 274 1639 erimus
298 1597 397 1660 regno
420 1576 594 1662 indecores,
615 1597 674 1641 nec
696 1579 803 1640 vestra
825 1576 946 1641 feretur

67 1672 153 1738 fama
175 1673 255 1736 levis
278 1674 426 1757 tantique
449 1673 609 1738 abolescet
632 1673 737 1757 gratia
759 1673 846 1759 facti,

67 1792 124 1834 nec
146 1769 277 1834 Troiam
300 1769 463 1835 Ausonios
487 1769 609 1855 gremio
633 1771 794 1854 excepisse
816 1771 949 1856 pigebit.

67 1868 134 1931 fata
157 1890 217 1951 per
238 1867 364 1932 Aeneae
386 1869 458 1932 iuro
481 1867 689 1951 dextramque
712 1870 879 1951 potentem

68 1963 133 2028 sivo
157 1964 220 2028 fide
243 1985 299 2028 seu
322 1963 502 2048 quisbello
527 1967 576 2028 est
599 1967 749 2048 expertus
773 1967 805 2028 et
829 1964 939 2030 armis:
1023 1982 1074 2031 200

66 2062 162 2125 multi
184 2083 245 2126 nos
268 2061 390 2146 populi,
411 2061 532 2126 multae
555 2058 609 2147 (ne
632 2065 748 2146 temne,
770 2063 856 2146 quod
879 2063 965 2127 ultro

66 2158 276 2242 praeferimus
299 2158 447 2222 manibus
470 2159 569 2222 vittas
593 2180 629 2222 ac
650 2158 749 2223 verba
771 2157 949 2246 precantia)

67 2263 97 2322 00
119 2257 244 2342 petiere
267 2255 331 2320 sibi
353 2261 385 2320 et
409 2256 538 2321 voluere
561 2255 733 2338 adiamgere
756 2260 882 2340 gentes3

67 2354 120 2418 sed
143 2375 206 2418 nos
228 2353 296 2418 fata
317 2353 411 2417 deum
434 2356 557 2418 vestras
581 2353 746 2435 exquirere
769 2355 870 2416 terras

65 2451 212 2536 imperiis
235 2473 326 2536 egere
350 2451 425 2516 suis.
470 2451 544 2514 hinc
567 2447 736 2514 Dardanus
759 2454 864 2534 ortus3
1023 2468 1074 2517 240

65 2551 129 2615 huc
151 2548 271 2631 repet't
293 2547 453 2631 iussisque
476 2546 662 2631 ingentibus
686 2551 803 2632 urguet
825 2547 944 2631 Apollo

66 2645 270 2731 Tyrrhenum
292 2645 331 2710 ad
353 2644 511 2728 Thybrim
533 2647 565 2709 00
587 2644 688 2708 fontis
712 2645 792 2708 vada
816 2666 904 2708 sacra
927 2643 1057 2710 Numici

65 2843 120 2907 dat
143 2839 208 2906 tibi
229 2843 393 2924 praeterea
414 2839 563 2903 fortunae
585 2860 683 2921 parva
706 2839 823 2921 prioris

64 2959 210 3021 munera,
232 2935 383 3018 reliquias
407 2935 503 3000 Troia
525 2957 564 3000 ex
587 2935 716 3000 ardente
739 2940 890 3020 receptas.

64 3037 127 3100 hoc
150 3037 244 3116 pater
266 3030 422 3096 Anchises
445 3053 523 3096 auro
546 3031 670 3096 libabat
694 3033 733 3096 ad
756 3055 842 3117 aras3
1023 3051 1074 3100 245

64 3134 127 3197 hoc
149 3130 271 3195 Priami
294 3132 459 3214 gestamen
481 3133 559 3214 erat,
582 3151 654 3194 cum
677 3129 748 3195 iura
770 3131 892 3196 vocatis

63 3251 155 3296 more
178 3227 269 3291 daret
291 3226 430 3312 populis,
452 3231 675 3311 sceptrumque
699 3249 849 3312 sacerque
872 3227 971 3293 tiaras

63 3326 267 3408 Iliadumque
289 3324 382 3388 labor
404 3324 528 3389 vestes!

110 3421 245 3488 Talibus
268 3420 383 3486 Ilionei
405 3421 499 3487 dictis
522 3421 625 3486 defixa
648 3421 785 3487 Latinus

67 3522 186 3588 obtutu
209 3523 297 3584 tenet
320 3541 376 3584 ora
399 3519 532 3604 soloque
553 3519 728 3584 immobilis
751 3520 861 3584 haeret
1023 3536 1073 3585 250
