2538 3970
207 265 270 330 276
515 263 663 319 VERGILI
680 263 813 318 Annnrs
831 264 896 318 VIII

204 427 240 490 hi
263 427 383 491 bellum
406 427 536 492 adsidue
559 427 679 490 ducunt
703 447 775 489 cum
799 430 894 510 gente
916 425 1046 512 Latina3
1170 445 1195 492 55

205 522 265 586 hos
289 524 402 587 castris
426 523 542 587 adhibe
567 523 670 587 socios
694 527 726 586 et
750 522 877 586 foedera
896 523 1001 607 iunge.

205 619 274 702 ipse
298 640 357 704 ego
380 624 412 684 te
435 621 514 704 ripis
537 624 570 684 et
591 624 679 684 recto
703 619 834 683 flumine
857 620 979 704 ducam,

207 716 372 780 adversum
395 714 492 780 r‘emis
516 738 645 800 superes
670 716 840 780 subvectus
864 720 901 780 ut
925 739 1057 782 amnem.

207 834 302 899 surge
325 835 392 901 age,
413 818 489 878 nate
512 813 579 899 dea,
600 813 776 898 primisque
800 812 987 877 cadentibus
1011 814 1106 878 astris

205 908 322 974 Iunoni
344 911 392 974 fer
415 910 477 974 rite
499 931 607 994 preces
631 909 776 993 iramque
797 909 964 992 minasque
1169 928 1194 976 oo

207 1006 405 1091 supplicibus
429 1028 543 1089 supera
565 1005 659 1070 votis.
705 1005 786 1069 mihi
808 1006 912 1069 victor
933 1006 1089 1072 honorem

205 1105 376 1188 persolves.
423 1125 481 1189 ego
502 1125 583 1187 sum,
604 1103 699 1186 pleno
724 1125 818 1187 quem
840 1102 971 1166 flumine
994 1103 1095 1168 cernis

134 1205 137 1214 '
207 1201 418 1286 stringentem
440 1201 527 1284 ripas
551 1204 582 1264 et
605 1200 739 1285 pinguia
761 1200 847 1264 culta
871 1203 1041 1285 secantem,

159 1379 161 1387 Ι
203 1299 368 1379 paeguleus
392 1295 541 1382 Thybris,
551 1296 650 1384 paulo
674 1296 877 1380 gratissimus
901 1297 1012 1362 amnis.

205 1396 258 1459 hic
279 1393 359 1458 mihi
381 1413 499 1478 magna
521 1393 645 1478 domus,
667 1393 759 1456 celsi·
784 1395 879 1476 caput
902 1393 1049 1478 urbibus,
1072 1392 1150 1478 exit}
1167 1409 1193 1456 65

250 1491 351 1578 Dixit,
374 1491 485 1555 deinde
508 1491 579 1554 lacu
602 1489 719 1553 fluvius
743 1511 776 1553 se
799 1488 940 1578 condidit
964 1489 1041 1575 aIt0,
1069 1536 1072 1541 -

206 1591 270 1654 ima
292 1593 417 1672 petens3
439 1609 505 1652 nox
527 1586 658 1650 Aenean
681 1585 1037 1670 somnusquesreliquit.

207 1687 311 1771 surgiI
335 1689 366 1749 et
390 1684 523 1748 aetherii
547 1687 693 1767 spectans
717 1683 853 1747 orientia
877 1683 955 1746 solis

204 1784 327 1848 Iumina
348 1782 410 1849 rite
432 1781 517 1845 cavis
541 1780 658 1844 undam
680 1780 718 1844 de
741 1780 872 1845 flumine
895 1780 1011 1865 palmis

206 1880 344 1944 sustinet
367 1900 403 1942 ac
425 1878 501 1942 talis
525 1878 659 1943 effundit
683 1878 722 1941 ad
745 1877 873 1941 aethera
896 1899 1002 1941 voces:
1166 1894 1191 1939 ro

205 1976 385 2061 nymphae,
407 1975 581 2039 Laurentes
603 1976 773 2060 nymphae,
795 1995 896 2059 genus
915 1974 1062 2040 amnibus
1085 1975 1192 2057 undest,

204 2079 313 2159 tuque,
336 2095 354 2137 o
378 2071 502 2155 Thybri
523 2075 580 2135 tuo
605 2071 731 2156 genitor
754 2094 826 2135 cum
848 2072 979 2136 flumine
1003 2077 1119 2158 sancto,

204 2169 337 2253 accipite
359 2167 491 2232 Aenean
513 2172 545 2232 et
568 2169 696 2232 tandem
719 2173 823 2234 arcete
845 2169 983 2255 periclis.

204 2289 267 2351 quo
291 2270 481 2349 tecumque
503 2265 591 2329 lacus
614 2265 821 2329 miserantem
843 2267 1045 2332 incommoda
1067 2270 1167 2331 nostra

205 2366 294 2428 fonte
317 2366 414 2448 tenet,
438 2383 637 2446 quocumque
661 2364 729 2427 solo
753 2363 987 2446 pulcherrimus
1010 2365 1086 2450 exis,
1165 2377 1190 2426 ro

204 2483 327 2545 semper
350 2460 472 2524 honore
493 2480 575 2545 meo,
598 2481 721 2544 semper
744 2459 943 2526 celebrabere
966 2461 1068 2548 donis,

203 2558 349 2643 corniger
370 2555 574 2640 hesperidum
597 2557 714 2621 fluvius
737 2561 889 2643 regnator
913 2581 1075 2642 aquarum.

203 2655 288 2719 adsis
312 2676 330 2718 o
354 2657 481 2717 tantum
504 2657 535 2716 at
558 2654 691 2737 propius
715 2658 772 2717 tua
793 2655 926 2719 numina
949 2656 1076 2720 firmes?

203 2754 249 2816 sic
271 2754 426 2816 memorat
449 2750 656 2835 geminasque
679 2751 758 2836 legit
782 2753 820 2815 de
844 2753 944 2816 classe
967 2752 1097 2817 biremis

202 2849 399 2933 remigioque
422 2851 522 2933 aptat,
545 2848 648 2911 socios
673 2849 769 2911 simul
791 2849 925 2914 instruit
949 2851 1055 2914 armis,
1165 2864 1190 2911 80

246 2947 328 3011 Ecce
343 2950 450 3010 autem
469 2945 613 3009 subitum
631 2949 727 3029 atque
742 2947 844 3011 oculis
858 2947 1006 3011 mirabile
1020 2951 1191 3026 monstrum,

202 3044 333 3110 candida
355 3065 412 3126 per
436 3043 550 3107 silvam
574 3065 645 3106 cum
667 3044 735 3106 fetu
759 3046 907 3108 concolor
931 3045 1004 3109 albo

201 3141 374 3226 procubuit
396 3140 554 3223 viridique
576 3139 611 3202 in
633 3140 728 3204 litore
752 3141 947 3224 conspicitur
971 3165 1034 3206 sua.

202 3260 299 3322 quam
320 3238 393 3321 pius
416 3237 541 3301 Aeneas
565 3237 627 3300 tibi
650 3239 744 3324 enim,
766 3239 837 3324 tibi,
859 3262 1009 3304 maxuma
1031 3237 1119 3324 Iuno,

200 3338 321 3398 mactat
345 3356 433 3397 sacra
457 3334 561 3398 ferens
586 3338 712 3398 etcum
735 3355 831 3420 grege
854 3335 941 3399 sistit
965 3335 1005 3399 ad
1029 3357 1122 3398 aram.
1166 3345 1190 3394 85

156 3443 159 3500 ἲ
201 3431 342 3514 Thybris
367 3452 403 3493 ea
426 3430 567 3517 fiuvium,
591 3453 687 3515 quam
709 3433 806 3517 longa
829 3437 889 3519 est,
910 3437 1004 3497 nocte
1028 3436 1187 3497 tumentem

201 3529 303 3614 leniit,
327 3532 359 3591 et
381 3528 479 3591 tacita
502 3529 637 3593 refluens
660 3529 707 3594 iba
730 3529 877 3594 substitit
900 3529 994 3617 unda,
