2574 3964
186 195 229 261 82
405 191 407 194 ’
468 193 617 250 VERGILI
637 193 846 249 GEORGICON
863 194 915 248 llll

185 359 354 442 palmaque
372 357 567 421 vestibulum
586 359 643 420 aut
660 355 775 440 ingens
795 353 932 420 oleaster
950 355 1133 441 inumbret,
1165 373 1197 422 20

186 457 236 539 ut,
259 475 331 518 cum
353 453 456 538 prima
478 452 555 518 novi
577 452 694 516 ducent
720 453 866 516 examina
886 461 980 538 'reges

186 570 260 613 vere
282 571 340 613 suo
363 549 515 632 ludetque
537 548 619 612 favis
643 549 759 613 emissa
782 549 948 635 iuventus,

110 691 113 699 ·
186 645 291 710 vicina
313 645 429 710 invitet
451 645 598 708 decedere
621 646 692 729 ripa
715 647 828 733 calori,
978 632 984 643 ’

188 743 345 827 obviaque
366 742 518 825 hospitiis
541 746 650 806 teneat
672 743 895 806 frondentibus
920 743 1024 808 arbos.

187 840 222 904 in
243 840 396 924 medium,
419 861 475 903 seu
499 838 599 903 stabit
622 839 708 904 iners
732 861 788 903 seu
810 839 950 923 profluet
972 862 1081 927 umor,
1166 859 1200 906 ao

187 942 386 1002 transversas
410 937 522 1000 salices
546 939 579 1000 et
602 936 735 1020 grandia
758 936 866 1000 conice
890 957 981 1020 saxa,

187 1034 341 1118 pontibus
363 1037 401 1098 nt
424 1033 544 1098 crebris
567 1033 695 1116 possint
718 1032 893 1097 consistere
915 1036 948 1097 et
971 1033 1038 1096 alas

188 1131 324 1214 pandere
347 1131 387 1195 ad
410 1130 567 1194 aestivum
588 1130 699 1216 solem,
723 1129 751 1194 si
774 1129 860 1192 forte
881 1129 1038 1193 morantis

93 1230 95 1240 '
189 1227 343 1312 sparserit
366 1231 422 1292 eut
444 1248 595 1311 praeceps
617 1229 760 1310 neptuno
783 1225 966 1289 inmerserit
988 1247 1095 1292 eurus,

188 1324 265 1389 haec
287 1325 406 1389 circum
429 1324 532 1388 casiae
555 1322 674 1388 virides
698 1326 729 1386 et
753 1322 874 1386 olentia
896 1323 961 1386 late
1167 1343 1200 1392 so

189 1422 329 1504 serpullo
351 1425 384 1485 et
407 1422 548 1506 graviter
572 1420 725 1503 spirantis
748 1420 840 1503 copia
862 1419 1032 1503 thymbrae

188 1518 315 1604 floreat,
337 1519 564 1603 inriguumque
587 1517 701 1580 bibant
723 1513 858 1580 violaria
880 1516 1010 1581 fontem.

188 1615 259 1699 ipsa
282 1619 402 1700 autem,
425 1637 482 1679 seu
505 1613 679 1678 corticibus
702 1613 764 1677 tibi
787 1617 862 1678 suta
884 1609 1019 1699 cavatis,

189 1734 245 1776 seu
266 1713 355 1776 lento
379 1712 500 1776 fuerint
523 1711 644 1776 alvaria
666 1710 785 1774 vimine
808 1713 911 1796 texta,

189 1813 344 1894 angustos
366 1808 506 1872 habeant
530 1809 649 1872 aditus:
672 1827 747 1870 nem
769 1807 890 1892 frigore
912 1807 1007 1871 mella
1167 1828 1201 1876 35

189 1908 276 1993 cogit
298 1908 415 1992 hiems,
437 1907 608 1990 eademque
631 1905 719 1969 calor
741 1903 914 1986 liquefacta
936 1904 1083 1970 remittit.

188 2009 324 2088 utraque
345 2003 396 2068 vis
419 2003 535 2088 apibus
558 2002 679 2087 pariter
700 2001 882 2085 metuenda3
905 2021 1008 2084 neque
1031 2001 1107 2067 illae

188 2103 383 2187 nequiquam
405 2100 441 2163 in
463 2098 558 2162 tectis
581 2099 729 2162 certatim
751 2098 860 2162 tenvia
882 2117 953 2162 cera

189 2201 384 2284 spiramenta
406 2197 514 2260 linunt
536 2196 673 2279 fucoque
695 2199 728 2260 et
750 2193 886 2258 floribus
910 2215 982 2258 oras

189 2295 317 2380 explent
339 2293 571 2375 collectumque
592 2291 670 2356 haec
692 2290 763 2374 ipse
786 2291 826 2354 ad
848 2313 980 2355 munera
1003 2292 1118 2376 gluten
1166 2313 1202 2361 so

189 2397 221 2457 et
243 2393 331 2457 risco
355 2393 387 2454 et
409 2388 568 2472 Pbrygiae
592 2391 721 2453 servant
742 2386 811 2471 pice
834 2388 955 2452 lentius
977 2387 1060 2454 Idae.

189 2510 282 2571 saepe
304 2485 402 2550 etiem
424 2483 564 2568 effossis,
585 2483 614 2547 si
636 2505 711 2547 vere
734 2487 783 2547 est
806 2485 907 2568 fama,
929 2485 1064 2549 latebris

189 2585 248 2649 snb
272 2588 359 2648 terra
379 2582 488 2645 fovere
510 2581 624 2664 larem,
646 2579 839 2664 penitusque
863 2584 1008 2664 repertae

188 2681 430 2765 pumicibusque
453 2678 539 2741 cavis
563 2698 736 2760 exesaeque
760 2677 884 2742 arboris
908 2681 1010 2743 antro.

188 2783 225 2842 tu
247 2781 355 2841 tamen
377 2780 409 2840 et
431 2776 495 2840 levi
518 2774 638 2838 rimosa
660 2773 779 2840 cubilia
801 2775 879 2839 limo
1168 2795 1204 2844 lo

189 2895 296 2958 ungue
317 2874 428 2938 fovens
446 2872 571 2936 ,circum
594 2874 626 2935 et
648 2892 737 2934 raras
761 2872 939 2954 superinice
960 2873 1100 2939 frondes.

233 2969 325 3047 Quod
339 2973 493 3053 superest,
510 2968 569 3032 ubi
581 2968 710 3052 pulsam
723 2969 861 3032 hiemem
875 2966 932 3033 Sol
946 2989 1061 3035 aureus
1077 2971 1146 3058 egit
1168 2989 1203 3038 ol

189 3069 249 3133 sub
272 3070 374 3130 terras
398 3065 582 3148 caelumque
606 3065 728 3129 aestive
751 3065 820 3130 luce
843 3066 989 3151 reclusit,

187 3165 262 3230 illae
285 3163 437 3230 continuo
461 3162 564 3226 saltus
589 3162 751 3246 silvasque
774 3167 947 3248 peragrant

188 3281 430 3346 purpureosque
452 3262 579 3323 metunt
601 3258 696 3323 fiores
720 3263 752 3323 et
774 3259 907 3324 flumina
929 3260 1034 3324 libant

190 3379 315 3422 summa
336 3356 432 3419 leves.
476 3355 551 3419 hinc
572 3357 680 3420 nescio
705 3379 768 3440 qua
791 3357 955 3422 dulcedine
977 3357 1081 3423 laetae
1170 3380 1208 3428 oo

158 3446 167 3456 “
189 3452 377 3538 progeniem
398 3450 554 3534 nidosque
577 3452 701 3539 fovent,
723 3453 799 3518 hinc
821 3459 890 3518 arte
912 3452 1050 3546 recentis
