2538 3970
386 255 533 313 VERGILI
552 257 684 313 AENEIS
698 257 763 314 VlII
1011 259 1077 323 295

83 419 162 499 parte
183 418 244 482 alia
266 418 371 483 ventis
395 423 428 483 et
450 419 499 483 dis
523 417 668 504 Agrippa
691 421 836 486 secundis

83 513 185 578 arduos
208 535 324 600 agmen
346 536 456 601 agens3
481 517 532 581 cui
556 516 647 603 (belli
670 519 796 604 insigne
820 516 1008 606 superbum)

82 615 212 696 tempora
233 613 342 676 navali
364 613 490 698 fulgent
511 618 653 680 rostrata
676 637 801 682 corona.

8 745 9 756 2
81 707 146 772 hinc
166 730 224 793 ope
247 709 414 775 barbarica
436 711 598 795 variisque
620 711 782 778 Antonius
806 712 913 800 armis,
1023 727 1074 778 685

81 804 171 869 victor
193 806 232 870 ab
256 804 402 871 Aurorae
423 807 552 890 populis
576 812 608 872 et
630 809 726 874 litore
748 810 856 896 rubro,

7 945 9 970 2
81 901 253 988 Aegyptum
273 903 422 989 viresque
445 902 585 968 Orientis
609 909 642 970 et
663 905 778 972 ultima
801 927 908 972 seeum

8 1059 9 1062 ,
80 996 183 1064 Bactra
204 999 304 1086 vehit,
326 1001 533 1084 sequiturque
557 999 675 1091 (nefas)
697 1003 859 1089 Aegyptio
881 1004 1028 1069 coniunx.

81 1117 135 1160 una
151 1119 258 1162 omnes
281 1119 383 1184 ruere,
406 1119 443 1162 ac
465 1101 572 1162 totum
595 1122 743 1184 spumare
765 1101 904 1166 reductis

79 1194 252 1258 convolsum
274 1194 372 1258 remis
394 1194 573 1279 rostrisque
595 1196 790 1261 tridentibus
813 1219 939 1283 aequor.
1020 1213 1072 1263 090

79 1291 135 1355 alta
155 1295 281 1376 petunt:
305 1291 419 1376 pelago
443 1292 551 1356 credas
574 1292 685 1358 innare
707 1296 848 1360 revolsas

79 1385 219 1471 Cycladas
243 1391 300 1452 aut
320 1389 442 1452 montis
465 1410 650 1456 concurrere
672 1392 836 1457 montibus
860 1392 953 1479 altos,

77 1489 158 1550 tanta
178 1486 262 1550 mole
284 1485 347 1549 viri
369 1486 496 1550 turritis
519 1487 681 1572 puppibus
704 1489 836 1555 instant.

7 1637 8 1642 ,
76 1585 200 1666 stuppea
221 1581 351 1646 flamma
372 1603 470 1646 manu
491 1583 629 1668 telisque
651 1586 782 1650 volatile
805 1588 925 1652 ferrum

75 1680 237 1764 spargitur,
259 1701 336 1744 arva
357 1700 442 1744 nova
463 1677 629 1764 Neptunia
651 1683 743 1747 caede
765 1683 947 1750 rubescunt.
1018 1700 1067 1750 090

73 1777 175 1861 regina
195 1778 232 1841 in
252 1775 365 1840 mediis
388 1777 494 1860 patrio
517 1783 611 1842 vocat
634 1781 762 1864 agmina
785 1783 881 1846 sistro

72 1874 196 1938 necdum
218 1874 317 1938 etiam
339 1875 483 1958 geminos
507 1897 526 1938 a
548 1879 640 1960 tergo
663 1877 794 1960 respicit
818 1879 941 1962 anguis.

73 1972 331 2057 omnigenumque
354 1972 448 2036 deum
469 1977 614 2037 monstra
637 1977 669 2036 et
691 1973 827 2037 latrator
849 1973 976 2038 Anubis

72 2073 175 2132 contra
196 2065 384 2150 Neptunum
407 2071 440 2132 et
463 2065 620 2133 Venerem
642 2073 816 2154 contraque
839 2071 1015 2136 Minervam

70 2166 129 2230 tela
149 2169 268 2230 tenent.
315 2166 417 2230 saevit
439 2167 544 2231 medio
567 2167 602 2230 in
624 2167 795 2231 certamine
818 2167 947 2233 Mavors
1016 2186 1066 2234 700

70 2263 202 2328 caelatus
224 2264 309 2327 ferro
332 2264 507 2346 tristesque
530 2285 569 2327 ex
592 2262 719 2328 aethere
741 2262 848 2352 Dirae,

70 2363 98 2423 et
119 2361 217 2425 scissa
240 2361 382 2445 gaudens
404 2361 492 2425 vadit
515 2359 682 2424 Discordia
704 2361 800 2448 palla,

70 2479 158 2540 quern
181 2480 253 2522 cum
276 2457 451 2542 sanguineo
475 2458 621 2541 sequitur
643 2456 777 2522 Bellona
799 2458 934 2544 flagello.

69 2553 177 2618 Actius
198 2553 277 2618 haee
299 2576 429 2619 cernens
453 2575 561 2619 arcum
583 2554 769 2619 intendebat
790 2555 909 2639 Apollo

69 2651 209 2736 desuper:
233 2652 337 2716 omnis
360 2672 398 2716 eo
421 2655 543 2716 terrore
565 2650 734 2735 Aegyptus
758 2657 790 2716 et
811 2651 894 2739 Indi,
1017 2671 1068 2720 ‘105
1092 2731 1095 2738 .

70 2751 165 2813 omnis
184 2749 300 2835 Arabs,
323 2770 433 2812 omnes
455 2748 624 2812 vertebant
647 2742 739 2833 terg'a
762 2746 883 2814 Sabaei.

69 2844 132 2928 ipsa
153 2846 322 2911 videbatur
345 2845 450 2910 ventis
472 2845 584 2930 regina
605 2848 727 2911 voeatis

69 2943 131 3006 vela
153 2944 228 3007 dare
251 2945 284 3007 et
305 2941 396 3006 laxos
418 2941 483 3005 iam
505 2942 631 3027 iamque
654 2943 816 3008 inmittere
839 2945 933 3009 bruis.

69 3037 150 3106 illam
172 3041 257 3104 inter
280 3039 388 3104 caedes
411 3039 584 3122 pallentem
606 3045 710 3105 morte
732 3042 841 3105 futura
944 3037 948 3117 l
1070 3078 1072 3083 ·

69 3134 178 3203 fecerat
200 3136 389 3223 Ignipotens
412 3137 506 3200 undis
530 3141 562 3200 00
584 3138 699 3222 iapyge
721 3139 811 3224 ferri,
1016 3157 1067 3207 710

70 3239 173 3300 contra
195 3239 303 3299 autem
325 3255 442 3318 magno
465 3239 659 3299 maerentem
682 3257 814 3320 corpore
832 3234 945 3301 Nilum

70 3327 314 3417 pandentemque
338 3332 427 3396 sinus
451 3335 483 3395 00
502 3335 573 3398 0000
595 3336 684 3396 veste
707 3337 873 3397 vocantem

71 3429 240 3494 caeruleum
262 3429 298 3492 in
320 3429 477 3513 gremium
499 3429 724 3514 latebrosaque
747 3429 879 3494 flumina
902 3431 1013 3497 victos.

71 3525 99 3586 at
120 3523 243 3613 Caesar,
265 3525 385 3609 triplici
407 3525 552 3590 invectus
575 3523 720 3590 Romana
743 3526 906 3611 triumpho
