2576 3970
180 249 245 313 228
504 247 653 306 VERGILI
670 248 802 304 AENEIS
822 249 861 303 VI

180 528 250 570 ecce
273 511 379 570 autem
401 506 498 591 primi
521 507 581 570 sub
603 506 726 570 lumina
749 507 827 570 solis
851 511 883 571 et
907 511 997 572 ortus
1138 525 1197 573 255

181 603 241 668 sub
265 604 399 686 pedibus
421 603 546 688 mugire
569 603 674 667 solum
696 607 729 666 et
751 603 827 688 iuga
850 609 964 688 coepta
985 605 1108 670 moveri

181 701 334 764 silvarum
355 701 505 785 visaeque
528 721 621 764 canes
644 700 768 764 ululare
789 721 847 782 per
869 700 1017 764 umbram

181 797 370 862 adventante
394 798 459 862 dea.
506 797 628 881 ‘procul
651 819 670 861 o
693 797 805 880 procul
827 801 904 882 este,
927 798 1066 880 profani'

180 895 357 959 conclamat
379 900 478 981 vates,
501 897 647 978 ‘totoque
671 893 819 958 absistite
841 893 927 979 luco;

180 994 280 1074 tuque
302 991 416 1055 invade
437 991 523 1055 viam
544 991 723 1075 vaginaque
746 991 832 1074 eripe
855 991 988 1056 sermm:
1139 1007 1198 1057 260

180 1109 266 1152 nuno
289 1089 402 1152 animis
427 1110 516 1172 opus,
538 1085 655 1172 Aenea,
676 1109 762 1151 nunc
784 1089 912 1169 pectore
934 1087 1046 1152 firmo?

180 1188 307 1248 tantum
331 1185 426 1248 effata
447 1185 556 1249 furens
580 1188 672 1248 antro
696 1205 730 1248 se
752 1183 887 1247 immisit
911 1188 1035 1270 apert03

36 1293 39 1313 ¹
58 1288 92 1328 ²2
110 1258 156 1335 ⁴lK
180 1283 235 1346 ille
258 1282 369 1346 ducem
390 1282 470 1346 haut
492 1281 614 1345 timidis
637 1281 805 1345 vadentem
827 1281 976 1364 passibus
1000 1287 1128 1365 aequat.

225 1376 278 1461 Di,
287 1378 404 1461 quibus
414 1378 583 1461 imperium
593 1383 642 1442 est
653 1378 839 1462 animarum,
850 1377 1046 1463 umbraeque
1057 1379 1197 1445 silentes

182 1478 214 1538 et
237 1472 342 1539 Chaos
366 1479 398 1539 et
420 1473 629 1560 Phlegethon,
651 1475 721 1538 loca
743 1478 836 1539 nocte
859 1475 998 1539 tacentia
1020 1475 1097 1562 late,
1140 1494 1197 1543 265

183 1572 226 1636 sit
248 1571 328 1635 mihi
349 1571 398 1635 fas
424 1572 532 1636 audita
553 1571 653 1656 loqui,
676 1571 719 1634 sit
741 1571 871 1635 numine
893 1576 1001 1636 vestro

181 1667 318 1750 pandere
340 1689 391 1730 res
416 1667 589 1731 albaterra
612 1671 644 1730 et
667 1668 803 1752 ealigine
825 1690 953 1732 mersae.

225 1764 321 1828 Ibant
345 1764 474 1828 obscuri
497 1765 566 1828 sola
589 1765 648 1829 sub
671 1770 766 1830 nocte
788 1787 846 1849 per
868 1765 1015 1830 umbram

182 1883 300 1944 perque
323 1861 434 1924 domos
457 1859 544 1925 Ditis
566 1883 682 1926 vacuas
705 1866 737 1926 et
760 1863 868 1926 inania
890 1883 1001 1947 regna:

146 1957 152 2037 l
183 1959 276 2043 quale
298 1979 354 2041 per
377 1958 530 2022 incertam
552 1958 662 2022 lunam
685 1959 745 2022 sub
768 1959 838 2022 luce
860 1959 1002 2044 maligna
1141 1979 1197 2028 270

108 2059 125 2106 2
149 2060 153 2133 l
183 2051 232 2120 est
254 2055 316 2119 iter
339 2056 374 2118 in
396 2055 495 2140 silvis,
518 2055 575 2120 ubi
597 2056 719 2120 caelum
742 2056 883 2120 condidit
906 2057 1020 2120 umbra

150 2154 155 2228 l
181 2151 326 2234 Iuppiter
349 2155 381 2214 et
404 2151 499 2216 rebus
522 2173 587 2216 nox
610 2153 745 2216 abstulit
768 2157 838 2218 atra
861 2153 1007 2218 colorem.

182 2249 377 2314 vestibulum
400 2253 474 2312 ante
496 2249 602 2332 ipsum
624 2250 737 2332 primis
760 2250 795 2313 in
816 2249 963 2314 faucibus
987 2249 1061 2315 Oroi

182 2345 302 2409 Luctus
325 2348 357 2407 et
380 2344 510 2408 ultrices
533 2367 667 2428 posuere
691 2347 809 2410 cubilia
833 2343 944 2432 (lurae,

182 2441 401 2526 pallentesque
423 2439 572 2504 habitant
595 2441 702 2506 Morbi
724 2443 892 2526 tristisque
916 2440 1069 2508 Senectus
1142 2463 1197 2511 275

182 2542 215 2601 et
237 2536 343 2601 Metus
367 2541 399 2601 et
421 2537 603 2601 malesuada
625 2537 737 2604 Fames
761 2561 797 2604 ac
819 2539 924 2622 turpis
947 2539 1098 2627 Egestas,

182 2635 341 2700 terribiles
364 2634 436 2700 visu
458 2635 588 2721 formae,
610 2633 788 2719 Letumque
811 2635 993 2722 Labosque3

182 2737 253 2795 tum
275 2730 528 2815 consanguineus
551 2729 623 2796 Leti
647 2729 750 2815 Sopor
773 2736 805 2796 et
828 2733 912 2798 mala
934 2733 1051 2797 mentis

183 2826 306 2892 Gaudia
328 2827 592 2911 mortiferumque
615 2828 747 2893 adverso
770 2829 805 2892 in
828 2829 939 2892 limine
963 2828 1091 2894 Bellum

182 2925 339 3007 ferreique
358 2923 571 2988 Eumenidum
593 2924 726 2989 thalami
750 2930 782 2990 et
800 2925 968 2990 Discordia
990 2925 1199 3011 demensum

182 3022 345 3104 vipereum
368 3021 487 3086 crinem
509 3022 601 3086 vittis
624 3022 740 3086 innexa
763 3023 912 3086 cruentis.

226 3116 265 3179 In
287 3117 390 3181 medio
413 3139 519 3182 ramos
543 3139 725 3202 annosaque
748 3119 896 3184 bracchia
918 3119 1030 3202 pandit

182 3215 289 3279 ulmus
314 3236 412 3299 opaca
434 3214 557 3301 ingens,
580 3238 676 3298 quam
699 3217 805 3281 sedem
828 3214 959 3281 Somnia
981 3216 1077 3301 volgo

182 3333 264 3376 vana
287 3315 395 3374 tencre
417 3311 525 3374 ferunt
547 3311 698 3395 foliisque
723 3313 783 3377 sub
808 3313 956 3377 omnibus
977 3312 1122 3378 haerent.

183 3407 349 3491 multaque
372 3409 535 3490 praeterea
556 3407 718 3471 variarum
740 3411 884 3472 monstra
907 3408 1046 3472 ferarum
1144 3427 1199 3477 285

185 3504 337 3569 Centauri
359 3504 394 3566 in
416 3503 540 3566 foribus
564 3503 728 3566 stabulant
751 3503 937 3588 Scyllaeque
962 3505 1119 3570 biformes
