2612 3964
369 289 519 344 VERGILI
536 291 668 347 AENEIS
687 293 740 346 llll
923 363 925 367 Ι
999 293 1060 357 187

58 449 187 514 falcibus
211 454 245 516 et
267 473 391 516 messae
415 451 455 516 ad
477 451 588 516 lunam
611 457 810 537 quaeruntur
833 454 921 519 55515

59 547 208 630 pubentes
232 547 351 614 herbae
373 549 461 634 nigri
484 571 557 614 cum
579 550 662 616 15555
684 551 811 636 555551,

59 645 217 728 quaeritur
241 649 274 709 et
295 647 458 710 nascentis
482 648 557 732 equi
578 649 618 712 de
640 649 746 712 fronte
768 649 913 713 revolsus
1012 664 1062 712 515

59 746 87 804 et
105 743 202 804 matri
225 746 415 826 praereptus
439 765 535 808 amor.

60 838 122 920 ipsa
142 838 263 902 molam
285 839 499 925 manibusque
520 841 584 924 piis
608 841 723 905 altaria
746 841 837 906 iuxta
885 839 888 846 ’

59 955 204 1020 spargens
227 936 336 998 umida
359 936 456 1000 mella
480 939 757 1022 soporiferumque
779 961 928 1025 papaver,
1011 955 1062 1004 485

60 1055 151 1096 unum
173 1036 271 1096 exuta
293 1033 405 1116 pedem
428 1034 553 1120 vinclis,
575 1035 610 1099 in
631 1040 721 1100 55555
744 1036 892 1121 recincta,
1010 1051 1062 1100 518

61 1132 190 1193 55555555
211 1129 371 1193 moritura
393 1130 469 1192 deos
493 1135 526 1194 55
549 1132 676 1197 conscia
697 1132 758 1196 fati

60 1227 167 1310 sidera;
189 1229 269 1311 tum,
291 1227 408 1310 siquod
429 1247 497 1290 non
521 1250 623 1312 aequo
646 1229 774 1294 foedere
796 1230 935 1294 amantis
1010 1244 1061 1294 520

60 1344 145 1388 curae
165 1345 285 1387 numen
306 1323 407 1388 habet
429 1324 616 1409 iustumque
638 1347 833 1413 memorque,
856 1328 1012 1410 precatur.

97 1418 169 1485 Nox
192 1423 270 1506 5555,
293 1423 327 1485 55
349 1420 511 1504 placidum
533 1421 706 1505 carpebant
729 1421 814 1485 fessa
837 1442 986 1505 soporem

60 1539 184 1600 corpora
205 1539 264 1600 per
286 1520 400 1602 555555,
423 1517 585 1601 silvaeque
609 1521 641 1581 55
665 1539 759 1582 55555
782 1517 931 1600 quierant

62 1635 197 1701 aequora,
220 1635 293 1678 cum
315 1613 420 1678 medio
442 1613 617 1678 volventur
640 1613 743 1678 sidera
765 1613 868 1699 lapsu,

61 1732 126 1774 eum
145 1714 229 1774 55555
252 1711 359 1774 omnis
383 1731 469 1796 ager,
491 1711 626 1794 pecudes
649 1711 818 1794 pictaeque
839 1710 995 1797 volucres,
1009 1729 1060 1777 555

64 1829 194 1892 quaeque
215 1807 306 1870 lacus
328 1807 394 1872 late
416 1807 556 1892 liquidos
581 1828 725 1892 quaeque
748 1829 861 1891 aspera
883 1809 988 1873 dumis

64 1907 268 1989 ruretenent,
290 1925 404 1968 somno
426 1905 553 1987 positae
576 1904 636 1968 sub
658 1908 754 1968 nocte
777 1904 894 1968 silenti.
1009 1922 1060 1970 555

62 2006 93 2064 55
111 2023 173 2066 non
194 2000 309 2064 infelix
332 2001 431 2064 animi
454 1999 641 2087 Phoenissa,
662 2023 767 2085 neque
788 2023 942 2086 umquam
1009 2020 1060 2067 555

65 2099 187 2163 solvitur
209 2098 246 2161 in
269 2119 400 2162 somnos
424 2099 564 2162 oculisve
587 2102 644 2161 555
665 2101 794 2182 pectore
815 2101 944 2163 noctem

64 2195 177 2279 accipit:
199 2194 402 2279 ingeminant
425 2215 527 2281 curae,
548 2217 724 2278 rursusque
746 2215 917 2280 resurgens

66 2293 152 2358 555515
174 2313 274 2376 amor,
295 2313 478 2376 magnoque
499 2292 621 2356 irarum
642 2291 778 2356 fluctuat
801 2295 870 2356 5555
895 2343 901 2356 .

67 2388 104 2453 515
122 2389 196 2454 adeo
219 2387 346 2452 insistit
368 2409 539 2472 secumque
560 2388 608 2452 155
630 2389 724 2453 corde
746 2388 887 2453 volutat:

67 2485 109 2548 ‘er
127 2486 202 2570 quid
225 2484 310 2568 ago?
333 2506 488 2549 rursusne
510 2505 625 2568 procos
647 2485 749 2549 inrisa
771 2485 894 2568 priores

66 2584 203 2668 experiar,
224 2579 473 2666 Nomadumque
494 2585 603 2664 petam
625 2581 763 2646 conubia
786 2581 930 2667 supplex,
1008 2598 1060 2646 535

69 2699 134 2759 quos
156 2701 215 2765 ego
239 2679 302 2742 sim
324 2679 445 2743 totiens
467 2679 533 2742 iam
555 2679 725 2764 dedignata
746 2678 903 2743 maritos?

68 2772 163 2842 Iliacas
185 2775 289 2861 igitur
312 2776 430 2840 classes
453 2779 551 2858 atque
572 2776 688 2840 ultima
709 2775 867 2839 Teucrum

69 2870 139 2938 iussa
159 2871 297 2958 sequar?
320 2872 436 2956 quiana
459 2872 579 2937 auxilio
601 2873 691 2936 15555
714 2875 789 2936 ante
811 2872 934 2936 1555555

68 2970 95 3029 55
111 2968 185 3034 bene
207 2968 292 3054 apud
314 2989 473 3033 memores
495 2969 613 3033 5555515
637 2973 704 3032 5555
726 2969 832 3053 gratia
853 2968 952 3032 facti?

69 3065 127 3144 quis
146 3087 196 3131 me
219 3070 336 3150 autem,
357 3066 408 3129 fac
430 3065 522 3150 55115,
544 3065 628 3129 51555
650 3065 817 3129 ratibusve
839 3065 986 3148 superbis
1008 3085 1059 3133 545

70 3159 186 3228 invisam
209 3162 366 3246 accipiet?
388 3162 493 3226 nescis
514 3161 588 3248 heu,
608 3162 744 3248 perdita,
764 3162 898 3226 necdum

70 3253 302 3324 Laomedonteae
326 3259 427 3323 sentis
449 3260 590 3343 periuria
611 3259 740 3344 gentis?

71 3355 133 3434 quid
152 3357 240 3421 tum?
263 3357 334 3420 5515
355 3356 433 3440 fuga
454 3360 570 3420 nautas
592 3355 771 3420 comitabor
794 3356 944 3419 ovantis?

73 3477 260 3492 ’Ἓξ-.-

74 3549 185 3615 15515555
206 3575 304 3633 ouras,
327 3559 359 3615 55
382 3555 472 3614 corda
495 3555 590 3614 oblita
611 3555 757 3614 laborum.
1006 3530 1059 3614 5⁴28¹
