2538 3970
379 289 530 344 VERGILI
548 291 678 345 AENEIS
693 292 757 346 VIII
1003 291 1068 354 2I5

83 450 138 512 sole
157 472 337 534 repercusso
362 455 417 514 aut
439 451 595 516 radiantis
617 453 756 538 imagine
778 453 873 517 lunae

83 547 173 610 omnia
193 547 364 630 pervolitat
386 547 451 611 late
473 549 543 612 loca
565 549 692 632 iamque
716 551 775 614 sub
800 572 893 614 auras

81 644 199 728 erigitur
220 645 400 728 summique
421 645 497 708 ferit
519 645 659 710 lacuaria
681 647 766 710 tecti.
1034 661 1069 710 aa

80 762 134 803 nor
155 745 226 826 erat,
249 746 281 804 et
304 746 409 805 terras
433 742 584 806 animalia
605 743 691 807 fessa
713 767 770 826 per
793 745 896 808 omnis

81 837 199 901 abtuum
221 838 441 921 pecudumque
465 859 565 922 genus
588 861 685 922 sopor
708 841 793 904 altus
815 840 968 904 habebat:

81 955 141 997 cum
160 939 248 1018 pater
270 935 306 997 in
328 936 400 1018 ripa
422 935 583 1019 gelidique
607 937 666 1000 sub
691 936 828 1001 aetheris
852 959 910 1000 axe

79 1029 196 1117 Aeneas,
218 1031 307 1094 tristi
330 1031 480 1095 turbatus
503 1035 634 1114 pectora
656 1031 751 1117 bello,
914 1103 916 1108 ,

79 1129 232 1210 procubuit
256 1150 424 1212 seramque
446 1128 533 1192 dedit
555 1150 612 1212 per
634 1129 777 1192 membra
800 1129 947 1213 quietem.
1034 1145 1073 1194 ao
1105 1133 1108 1139 ’

78 1223 140 1288 huic
160 1225 234 1290 deus
258 1226 328 1308 ipse
350 1226 412 1290 loci
436 1225 534 1289 fluvio
558 1225 727 1288 liberinus
752 1247 884 1290 amoeno

78 1323 213 1404 populeas
237 1323 322 1386 inter
346 1323 452 1386 senior
475 1343 509 1386 se
532 1322 680 1386 attollere
703 1322 831 1386 frondes

78 1418 152 1482 usus
174 1419 260 1505 (eum
283 1419 390 1483 tenuis
415 1420 528 1504 glauco
551 1419 678 1483 velabat
702 1420 821 1483 amictu

78 1515 220 1600 carbasus,
243 1519 276 1578 et
300 1515 396 1579 crinis
420 1515 573 1578 umbrosa
595 1515 725 1599 tegebat
747 1513 917 1602 harundo),

77 1616 135 1674 tum
156 1613 200 1676 sic
222 1613 324 1677 adfari
348 1617 379 1677 et
402 1635 494 1677 curas
517 1612 568 1676 his
592 1612 715 1676 demere
739 1613 845 1678 dietis:
1033 1632 1074 1678 35-

113 1707 147 1772 ‘0
169 1715 235 1773 sate
259 1713 355 1794 gente
378 1711 480 1796 deum,
503 1709 674 1774 Troianam
698 1733 736 1773 ex
758 1711 909 1775 hostibus
932 1711 1046 1776 urbem

77 1805 123 1888 qui
142 1807 263 1870 revehis
285 1807 381 1870 nobis
405 1810 596 1890 aeternaque
618 1805 774 1891 Pergama
797 1829 914 1892 servae,

77 1907 224 1985 expectate
247 1904 318 1968 solo
341 1903 495 1967 Laurenti
518 1904 666 1988 arvisque
688 1903 824 1988 Latinis,

75 1996 119 2061 hic
138 1999 195 2062 tibi
218 2003 305 2064 certa
327 2000 450 2085 domna,
473 2001 552 2064 certi
575 1999 629 2088 (ne
653 1998 787 2088 absiste)
811 2007 955 2088 penates3

75 2115 127 2159 neu
147 2096 220 2160 belli
243 2101 363 2160 terrere
385 2098 495 2161 minis:
519 2101 626 2161 tumor
646 2098 750 2162 omnis
773 2102 805 2161 et
828 2099 893 2162 irae
1032 2117 1073 2164 46

76 2212 240 2258 6616666616
264 2194 365 2258 deum.

76 2289 200 2374 [iamque
221 2292 294 2376 tibi,
315 2313 357 2355 ne
379 2314 461 2356 vana
483 2296 577 2374 putes
599 2293 677 2356 haec
699 2293 819 2377 fingere
843 2315 1003 2381 somnum,

74 2385 182 2452 litoreis
205 2389 319 2473 ingens
342 2389 473 2452 inventa
497 2390 556 2453 sub
580 2390 707 2454 ilicibus
732 2411 797 2476 6116,

75 2484 193 2568 triginta
214 2487 357 2569 capitum
380 2487 465 2550 fetus
489 2486 591 2571 enixa,
613 2485 740 2570 iacebit,

76 2580 144 2668 alba,
165 2583 231 2647 solo
255 2583 420 2668 1661111616,
444 2583 510 2646 albi
533 2583 652 2646 circum
673 2583 772 2646 ubera
795 2585 872 2648 nati.
1031 2605 1065 2652 45

75 2697 106 2737 61
126 2698 184 2760 quo
206 2683 255 2742 161
279 2679 368 2744 denis
392 2678 505 2742 urbem
527 2680 733 2744 redeuntibus
758 2682 848 2744 annis
1031 2702 1064 2749 47

75 2771 214 2839 Ascanius
237 2776 315 2840 clari
338 2777 452 2840 condet
476 2777 675 2860 cognominis
700 2777 825 2841 Albam.

75 2868 141 2935 haut
161 2873 279 2938 incerta
302 2873 403 2959 cano]
449 2895 535 2937 nunc
558 2896 621 2957 qua
643 2875 769 2938 ratione
792 2876 878 2958 quod
900 2877 1002 2941 instat

77 2969 204 3048 expedias
226 2971 339 3054 victor,
361 2971 473 3053 paucis
497 2967 656 3057 (adverte)
681 2971 808 3036 docebo
1031 2993 1064 3040 50

76 3061 195 3130 Arcades
217 3067 268 3132 his
292 3069 367 3153 oris,
391 3088 492 3152 genus
516 3090 535 3130 6
556 3067 702 3130 Pallante
725 3068 913 3154 profectum,

76 3159 121 3239 qui
139 3184 241 3248 regem
263 3165 453 3228 Euandrum
476 3165 620 3250 comites,
643 3163 699 3246 qui
723 3164 815 3248 signa
839 3166 948 3250 secui,

74 3254 199 3343 delegere
220 3260 327 3326 locum
351 3266 383 3325 et
405 3281 541 3344 posuere
564 3261 599 3325 in
621 3261 785 3324 montibus
809 3170 931 3345 urberd

73 3349 209 3421 Pallantis
231 3359 345 3442 proavi
368 3359 405 3422 de
428 3358 557 3422 nomine
579 3357 788 3422 Pallanteum.
838 3365 857 3460 ,1

72 3551 112 3612 hio
131 3555 208 3616 Iocus
232 3559 315 3618 urbiS
340 3558 405 3633 erit,
429 3559 545 3634 requies
570 3576 605 3616 66
628 3562 711 3617 66116
733 3558 872 3619 laborum
1028 3569 1062 3617 46

850 3655 902 3707 18*
