2612 3964
400 252 548 307 VERGILI
566 253 698 309 AENEIS
715 255 769 309 1111
1028 254 1092 320 183

85 413 239 498 supplicia
260 414 439 478 hausurum
463 415 603 499 scopulis
626 419 659 480 et
681 416 811 482 nomine
832 415 917 482 Dido

85 533 174 595 saepe
196 515 396 576 vocaturum
443 533 559 596 sequar
582 513 661 576 atris
684 512 815 598 ignibus
839 512 954 578 absens

86 612 124 694 et,
144 629 217 673 cum
238 609 358 693 frigida
379 630 466 674 mors
491 609 597 674 anima
620 609 782 674 seduxerit
805 613 904 695 artus,
1040 626 1092 674 385

86 705 250 769 *omnibus
273 705 390 770 umbra
411 706 492 771 locis
516 707 619 772 adero.
663 706 764 792 dabis,
786 707 941 792 improbe,
963 729 1091 792 poenas.

87 787 294 888 *audiamJ-et
316 801 395 867 haec
417 802 522 867 manis
546 803 653 869 veniet
675 803 756 868 mihi
778 804 864 868 fama
887 805 947 869 sub
970 804 1073 870 imos'

86 900 133 965 his
154 901 296 966 medium
320 900 414 964 dictis
439 922 618 965 sermonem
641 900 805 984 abrumpit
827 905 860 966 et
882 923 976 966 auras

88 1019 177 1084 aegre
198 997 285 1083 fugit
309 1019 406 1081 seque
429 1019 468 1062 ex
491 998 592 1062 oculis
617 999 734 1063 avertit
756 1001 789 1062 et
812 998 925 1083 aufert,

88 1096 230 1179 linquens
244 1095 348 1160 multa
361 1099 451 1160 metu
465 1098 666 1159 cunctantem
682 1098 714 1158 et
727 1094 830 1158 multa
844 1097 1010 1177 parantem
1039 1110 1091 1160 300
1113 1159 1118 1179 1
1143 1153 1148 1161 .

89 1192 191 1258 dicere.
239 1191 420 1275 succipiunt
442 1191 580 1257 famulae
603 1191 816 1275 conlapsaque
838 1191 981 1255 membre
1103 1224 1111 1270 5

88 1310 260 1354 marmoreo
283 1288 427 1353 referrmt
448 1287 592 1354 thalamo
615 1289 790 1372 stratisque
812 1291 980 1372 reponunt.

126 1385 171 1451 At
193 1385 268 1470 pius
291 1383 426 1471 Aeneas,
449 1407 643 1470 quamquam
664 1385 764 1450 lenire
787 1385 948 1451 dolentem

90 1483 215 1548 solando
239 1481 329 1566 cupit
352 1485 385 1546 et
407 1481 501 1547 dictis
525 1486 668 1548 avertere
690 1504 782 1548 curas

90 1581 200 1665 [multa
213 1600 344 1665 gemens
358 1599 539 1664 magnoque
552 1579 694 1644 animum
702 1580 879 1645 labefactus
890 1578 1021 1666 amore]‚
1039 1595 1091 1646 505

91 1679 170 1742 iussa
192 1682 302 1742 tamen
325 1677 433 1741 divom
455 1677 642 1760 exsequitur
664 1678 861 1763 classemque
883 1678 1002 1742 revisit.

91 1779 154 1840 tum
174 1797 251 1839 vero
275 1773 389 1839 Teucri
412 1773 603 1838 incumbunt
625 1778 658 1838 et
680 1775 777 1841 litore
799 1775 900 1840 celsas

91 1873 242 1937 deducunt
264 1874 336 1936 toto
359 1871 459 1936 navis.
504 1875 596 1936 natat
618 1876 716 1938 uncta
738 1872 853 1957 carina,

91 1969 325 2052 frondentisque
347 1968 456 2032 ferunt
478 1989 583 2032 remos
607 1972 640 2033 et
662 1969 779 2034 robora
802 1967 892 2032 silvis

92 2067 275 2131 infabricata
295 2065 392 2150 fugae
414 2065 531 2130 studio.
1039 2079 1092 2128 500

92 2163 253 2249 migrantis
277 2184 387 2227 cernas
409 2165 544 2246 totaque
567 2183 605 2226 ex
628 2161 708 2226 urbe
729 2161 863 2248 ruentis,

95 2283 126 2325 ac
144 2260 231 2326 velut
253 2259 418 2344 ingentem
440 2258 592 2324 formicae
614 2260 709 2324 ferris
732 2279 877 2324 acervom

95 2379 159 2421 cum
179 2356 337 2442 populant
357 2355 473 2420 hiemis
495 2377 653 2421 memores
675 2359 824 2440 tectoque
845 2357 1019 2440 reponunt:

96 2453 119 2517 it
137 2454 263 2539 nigrum
285 2452 406 2536 campis
430 2472 546 2537 agmen
566 2452 779 2536 praedamque
801 2474 859 2536 per
879 2451 996 2516 herbas

97 2553 273 2615 convectant
296 2549 375 2614 calle
398 2553 547 2635 angusto,
569 2570 643 2632 pars
666 2548 799 2634 grandia
821 2548 956 2613 trudunt
1040 2565 1092 2614 405

97 2647 222 2712 obnixae
243 2647 406 2712 frumenta
427 2646 557 2732 umeris,
579 2667 654 2730 pars
677 2646 805 2731 agmina
828 2649 947 2731 cogunt
1013 2659 1016 2664 ’

96 2745 309 2830 castigantque
331 2763 447 2827 moras,
471 2765 565 2827 opere
589 2742 692 2806 omnis
716 2742 830 2806 semita
851 2742 960 2807 fervet.

97 2842 161 2924 quis
182 2842 243 2906 tibi
266 2845 346 2926 tum,
368 2837 462 2926 Dido,
485 2840 627 2905 cernenti
649 2839 728 2904 talia
751 2861 873 2926 sensus,

97 2959 207 3020 quosue
229 2937 328 3002 dabas
352 2937 502 3024 gemitus,
524 2959 596 3002 cum
617 2937 716 3002 litora
738 2937 858 3001 fervere
880 2937 945 3000 late

96 3036 283 3120 prospiceres
307 3055 379 3099 aree
401 3055 436 3099 ec
460 3055 583 3099 summa
604 3038 775 3117 totumque
796 3033 920 3098 videres
1041 3051 1093 3099 410

95 3131 213 3198 misceri
235 3135 310 3197 ante
333 3131 442 3196 oculos
465 3131 565 3196 tantis
589 3131 781 3196 clamoribus
805 3133 939 3214 aequor!

96 3227 231 3313 improbe
252 3227 366 3315 Amor,
388 3227 466 3312 quid
487 3250 555 3293 non
575 3227 726 3293 mortalia
747 3230 878 3311 pectora
901 3226 1014 3312 cogis?

97 3322 139 3389 ire
159 3327 272 3392 iterum
294 3326 332 3390 in
352 3325 510 3410 lacrimas,
531 3326 650 3390 iterum
671 3328 829 3408 temptare
850 3324 1007 3408 precando

98 3422 215 3507 cogitur
237 3428 269 3488 et
293 3422 428 3506 supplex
452 3424 575 3488 animos
598 3421 797 3487 summittere
820 3421 931 3507 amori,

97 3521 206 3603 nequid
226 3521 429 3604 inexpertum
451 3520 573 3585 frustra
594 3519 751 3584 moritura
773 3518 942 3602 relinquat.
1041 3533 1094 3580 415
