<?xml version="1.0" encoding="UTF-8"?>
<!DOCTYPE html PUBLIC "-//W3C//DTD XHTML 1.0 Transitional//EN"
    "http://www.w3.org/TR/xhtml1/DTD/xhtml1-transitional.dtd">
<html xmlns="http://www.w3.org/1999/xhtml" xml:lang="en" lang="en">
 <head>
  <title>
</title>
<meta http-equiv="Content-Type" content="text/html;charset=utf-8" />
  <meta name='ocr-system' content='tesseract 3.04.00' />
  <meta name='ocr-capabilities' content='ocr_page ocr_carea ocr_par ocr_line ocrx_word'/>
</head>
<body>
  <div class='ocr_page' id='page_1' title='image "./pvergilimaronis11virggoog/pvergilimaronis11virggoog_0237.png"; bbox 0 0 2612 3964; ppageno 0'>
   <div class='ocr_carea' id='block_1_1' title="bbox 81 2363 106 2481">
    <p class='ocr_par' dir='ltr' id='par_1_1' title="bbox 81 2363 106 2481">
     <span class='ocr_line' id='line_1_1' title="bbox 81 2363 106 2481; baseline 0 0"><span class='ocrx_word' id='word_1_1' title='bbox 81 2363 106 2481; x_wconf 75' lang='lat' dir='ltr'><strong>&#39;l</strong></span> 
     </span>
    </p>
   </div>
   <div class='ocr_carea' id='block_1_2' title="bbox 184 199 871 266">
    <p class='ocr_par' dir='ltr' id='par_1_2' title="bbox 184 199 871 266">
     <span class='ocr_line' id='line_1_2' title="bbox 184 199 871 266; baseline -0.022 1"><span class='ocrx_word' id='word_1_2' title='bbox 184 203 247 266; x_wconf 82' lang='lat'><strong>184</strong></span> <span class='ocrx_word' id='word_1_3' title='bbox 503 201 649 256; x_wconf 83' lang='lat' dir='ltr'><strong>VERGILI</strong></span> <span class='ocrx_word' id='word_1_4' title='bbox 671 199 800 254; x_wconf 81' lang='lat' dir='ltr'>AENEIS</span> <span class='ocrx_word' id='word_1_5' title='bbox 819 199 871 253; x_wconf 83' lang='lat'>1111</span> 
     </span>
    </p>
   </div>
   <div class='ocr_carea' id='block_1_3' title="bbox 181 361 1198 3548">
    <p class='ocr_par' dir='ltr' id='par_1_3' title="bbox 181 361 1187 839">
     <span class='ocr_line' id='line_1_3' title="bbox 226 361 1007 450; baseline -0.004 -22"><span class='ocrx_word' id='word_1_6' title='bbox 226 362 341 450; x_wconf 72' lang='lat' dir='ltr'><strong>‘Anna</strong></span> <span class='ocrx_word' id='word_1_7' title='bbox 363 363 451 428; x_wconf 84' lang='lat' dir='ltr'><strong>vides</strong></span> <span class='ocrx_word' id='word_1_8' title='bbox 474 366 546 428; x_wconf 94' lang='grc'><strong>4040</strong></span> <span class='ocrx_word' id='word_1_9' title='bbox 569 361 735 448; x_wconf 87' lang='lat' dir='ltr'>properari</span> <span class='ocrx_word' id='word_1_10' title='bbox 756 361 865 426; x_wconf 90' lang='lat' dir='ltr'><strong>litore:</strong></span> <span class='ocrx_word' id='word_1_11' title='bbox 888 361 1007 425; x_wconf 90' lang='lat' dir='ltr'><strong>circum</strong></span> 
     </span>
     <span class='ocr_line' id='line_1_4' title="bbox 181 458 1036 544; baseline -0.005 -19"><span class='ocrx_word' id='word_1_12' title='bbox 181 461 321 544; x_wconf 88' lang='lat' dir='ltr'>undique</span> <span class='ocrx_word' id='word_1_13' title='bbox 345 482 531 544; x_wconf 81' lang='lat' dir='ltr'><strong>convenere3</strong></span> <span class='ocrx_word' id='word_1_14' title='bbox 553 463 647 523; x_wconf 84' lang='lat' dir='ltr'><strong>vocat</strong></span> <span class='ocrx_word' id='word_1_15' title='bbox 670 458 734 522; x_wconf 87' lang='lat' dir='ltr'><strong>iam</strong></span> <span class='ocrx_word' id='word_1_16' title='bbox 757 459 908 522; x_wconf 84' lang='lat' dir='ltr'>carbasus</span> <span class='ocrx_word' id='word_1_17' title='bbox 932 479 1036 542; x_wconf 89' lang='lat' dir='ltr'><strong>auras,</strong></span> 
     </span>
     <span class='ocr_line' id='line_1_5' title="bbox 182 556 1187 641; baseline -0.003 -20"><span class='ocrx_word' id='word_1_18' title='bbox 182 558 344 641; x_wconf 83' lang='lat' dir='ltr'>puppibus</span> <span class='ocrx_word' id='word_1_19' title='bbox 368 561 401 622; x_wconf 88' lang='grc'><strong>04</strong></span> <span class='ocrx_word' id='word_1_20' title='bbox 423 558 501 622; x_wconf 88' lang='grc'><strong>10041</strong></span> <span class='ocrx_word' id='word_1_21' title='bbox 522 559 639 621; x_wconf 85' lang='lat' dir='ltr'><strong>nautae</strong></span> <span class='ocrx_word' id='word_1_22' title='bbox 661 556 842 639; x_wconf 82' lang='lat' dir='ltr'>imposuere</span> <span class='ocrx_word' id='word_1_23' title='bbox 865 576 1007 620; x_wconf 90' lang='lat' dir='ltr'><strong>coronas.</strong></span> <span class='ocrx_word' id='word_1_24' title='bbox 1139 571 1187 618; x_wconf 84' lang='grc'><strong>440</strong></span> 
     </span>
     <span class='ocr_line' id='line_1_6' title="bbox 182 653 1187 739; baseline -0.002 -21"><span class='ocrx_word' id='word_1_25' title='bbox 182 659 220 718; x_wconf 89' lang='lat' dir='ltr'><strong>tu</strong></span> <span class='ocrx_word' id='word_1_26' title='bbox 241 655 381 719; x_wconf 81' lang='lat' dir='ltr'><strong>lacrimis</strong></span> <span class='ocrx_word' id='word_1_27' title='bbox 405 655 508 719; x_wconf 87' lang='lat' dir='ltr'><strong>evicta</strong></span> <span class='ocrx_word' id='word_1_28' title='bbox 529 653 618 739; x_wconf 86' lang='lat' dir='ltr'><strong>meis,</strong></span> <span class='ocrx_word' id='word_1_29' title='bbox 641 656 679 717; x_wconf 90' lang='lat' dir='ltr'><strong>tu</strong></span> <span class='ocrx_word' id='word_1_30' title='bbox 700 653 804 737; x_wconf 90' lang='lat' dir='ltr'><strong>prima</strong></span> <span class='ocrx_word' id='word_1_31' title='bbox 826 653 986 718; x_wconf 85' lang='lat' dir='ltr'><strong>furentem</strong></span> <span class='ocrx_word' id='word_1_32' title='bbox 1139 668 1187 716; x_wconf 83' lang='grc'><strong>548</strong></span> 
     </span>
     <span class='ocr_line' id='line_1_7' title="bbox 182 748 1044 839; baseline -0.003 -24"><span class='ocrx_word' id='word_1_33' title='bbox 182 751 244 836; x_wconf 88' lang='grc'><strong>1410,</strong></span> <span class='ocrx_word' id='word_1_34' title='bbox 267 773 427 839; x_wconf 81' lang='lat' dir='ltr'><strong>germana,</strong></span> <span class='ocrx_word' id='word_1_35' title='bbox 449 751 543 817; x_wconf 90' lang='lat' dir='ltr'><strong>malis</strong></span> <span class='ocrx_word' id='word_1_36' title='bbox 567 771 679 814; x_wconf 88' lang='grc'><strong>0440400</strong></span> <span class='ocrx_word' id='word_1_37' title='bbox 704 752 800 834; x_wconf 85' lang='lat' dir='ltr'><strong>atque</strong></span> <span class='ocrx_word' id='word_1_38' title='bbox 823 749 924 814; x_wconf 89' lang='lat' dir='ltr'><strong>obicis</strong></span> <span class='ocrx_word' id='word_1_39' title='bbox 946 748 1044 813; x_wconf 88' lang='lat' dir='ltr'><strong>hosti.</strong></span> 
     </span>
    </p>

    <p class='ocr_par' dir='ltr' id='par_1_4' title="bbox 502 871 874 908">
     <span class='ocr_line' id='line_1_8' title="bbox 502 871 874 908; baseline -0.005 0"><span class='ocrx_word' id='word_1_40' title='bbox 502 871 518 908; x_wconf 66' lang='lat' dir='ltr'>ss</span> <span class='ocrx_word' id='word_1_41' title='bbox 680 871 697 908; x_wconf 74' lang='lat' dir='ltr'>ss</span> <span class='ocrx_word' id='word_1_42' title='bbox 858 872 874 906; x_wconf 76' lang='lat'>*</span> 
     </span>
    </p>

    <p class='ocr_par' dir='ltr' id='par_1_5' title="bbox 183 944 1196 2679">
     <span class='ocr_line' id='line_1_9' title="bbox 183 944 1188 1032; baseline -0.002 -22"><span class='ocrx_word' id='word_1_43' title='bbox 183 944 270 1010; x_wconf 89' lang='lat' dir='ltr'><strong>hunc</strong></span> <span class='ocrx_word' id='word_1_44' title='bbox 292 966 351 1032; x_wconf 84' lang='lat' dir='ltr'><strong>ego</strong></span> <span class='ocrx_word' id='word_1_45' title='bbox 376 945 404 1010; x_wconf 89' lang='lat' dir='ltr'><strong>si</strong></span> <span class='ocrx_word' id='word_1_46' title='bbox 426 945 519 1030; x_wconf 89' lang='lat' dir='ltr'>potui</span> <span class='ocrx_word' id='word_1_47' title='bbox 542 948 669 1009; x_wconf 89' lang='lat' dir='ltr'><strong>tantum</strong></span> <span class='ocrx_word' id='word_1_48' title='bbox 692 965 819 1029; x_wconf 87' lang='lat' dir='ltr'><strong>sperare</strong></span> <span class='ocrx_word' id='word_1_49' title='bbox 842 944 993 1029; x_wconf 84' lang='lat' dir='ltr'><strong>dolorem,</strong></span> <span class='ocrx_word' id='word_1_50' title='bbox 1140 960 1188 1008; x_wconf 81' lang='grc'><strong>449</strong></span> 
     </span>
     <span class='ocr_line' id='line_1_10' title="bbox 186 1040 1173 1129; baseline -0.002 -23"><span class='ocrx_word' id='word_1_51' title='bbox 186 1047 218 1106; x_wconf 89' lang='grc'><strong>04</strong></span> <span class='ocrx_word' id='word_1_52' title='bbox 239 1043 390 1127; x_wconf 84' lang='lat' dir='ltr'>perferre,</span> <span class='ocrx_word' id='word_1_53' title='bbox 415 1064 515 1129; x_wconf 86' lang='grc'><strong>00404,</strong></span> <span class='ocrx_word' id='word_1_54' title='bbox 537 1045 659 1125; x_wconf 89' lang='lat' dir='ltr'>potero.</span> <span class='ocrx_word' id='word_1_55' title='bbox 705 1041 839 1106; x_wconf 80' lang='lat' dir='ltr'><strong>miserae</strong></span> <span class='ocrx_word' id='word_1_56' title='bbox 860 1040 922 1105; x_wconf 89' lang='grc'><strong>1400</strong></span> <span class='ocrx_word' id='word_1_57' title='bbox 944 1045 1054 1104; x_wconf 91' lang='lat' dir='ltr'><strong>tamen</strong></span> <span class='ocrx_word' id='word_1_58' title='bbox 1076 1063 1173 1104; x_wconf 90' lang='lat' dir='ltr'>unum</span> 
     </span>
     <span class='ocr_line' id='line_1_11' title="bbox 186 1137 1069 1225; baseline -0.003 -21"><span class='ocrx_word' id='word_1_59' title='bbox 186 1161 366 1225; x_wconf 84' lang='lat' dir='ltr'>exsequere,</span> <span class='ocrx_word' id='word_1_60' title='bbox 388 1139 492 1225; x_wconf 87' lang='lat' dir='ltr'><strong>Anna,</strong></span> <span class='ocrx_word' id='word_1_61' title='bbox 513 1138 609 1222; x_wconf 80' lang='lat' dir='ltr'><strong>mihi3</strong></span> <span class='ocrx_word' id='word_1_62' title='bbox 629 1139 729 1202; x_wconf 88' lang='lat' dir='ltr'><strong>solam</strong></span> <span class='ocrx_word' id='word_1_63' title='bbox 751 1160 828 1202; x_wconf 89' lang='lat' dir='ltr'><strong>nam</strong></span> <span class='ocrx_word' id='word_1_64' title='bbox 849 1137 990 1221; x_wconf 85' lang='lat' dir='ltr'>perfidus</span> <span class='ocrx_word' id='word_1_65' title='bbox 1013 1137 1069 1201; x_wconf 90' lang='grc'><strong>1110</strong></span> 
     </span>
     <span class='ocr_line' id='line_1_12' title="bbox 185 1235 1011 1322; baseline -0.001 -23"><span class='ocrx_word' id='word_1_66' title='bbox 185 1239 218 1300; x_wconf 91' lang='grc'><strong>40</strong></span> <span class='ocrx_word' id='word_1_67' title='bbox 241 1237 353 1322; x_wconf 86' lang='grc'><strong>001040,</strong></span> <span class='ocrx_word' id='word_1_68' title='bbox 376 1257 507 1300; x_wconf 89' lang='lat' dir='ltr'><strong>arcanos</strong></span> <span class='ocrx_word' id='word_1_69' title='bbox 532 1235 629 1299; x_wconf 88' lang='lat' dir='ltr'><strong>etiam</strong></span> <span class='ocrx_word' id='word_1_70' title='bbox 651 1235 713 1309; x_wconf 88' lang='lat' dir='ltr'><strong>tibi</strong></span> <span class='ocrx_word' id='word_1_71' title='bbox 736 1236 861 1299; x_wconf 87' lang='lat' dir='ltr'><strong>credere</strong></span> <span class='ocrx_word' id='word_1_72' title='bbox 884 1255 1011 1320; x_wconf 79' lang='lat' dir='ltr'><strong>sensus3</strong></span> 
     </span>
     <span class='ocr_line' id='line_1_13' title="bbox 187 1332 950 1416; baseline 0 -20"><span class='ocrx_word' id='word_1_73' title='bbox 187 1333 256 1397; x_wconf 88' lang='grc'><strong>0010</strong></span> <span class='ocrx_word' id='word_1_74' title='bbox 277 1333 339 1397; x_wconf 82' lang='lat' dir='ltr'><strong>viri</strong></span> <span class='ocrx_word' id='word_1_75' title='bbox 362 1333 469 1397; x_wconf 88' lang='lat' dir='ltr'><strong>mollis</strong></span> <span class='ocrx_word' id='word_1_76' title='bbox 494 1332 599 1396; x_wconf 89' lang='lat' dir='ltr'><strong>aditus</strong></span> <span class='ocrx_word' id='word_1_77' title='bbox 623 1335 655 1396; x_wconf 90' lang='lat' dir='ltr'><strong>et</strong></span> <span class='ocrx_word' id='word_1_78' title='bbox 678 1335 823 1416; x_wconf 88' lang='lat' dir='ltr'><strong>tempora</strong></span> <span class='ocrx_word' id='word_1_79' title='bbox 844 1354 950 1397; x_wconf 84' lang='lat' dir='ltr'><strong>noras,</strong></span> 
     </span>
     <span class='ocr_line' id='line_1_14' title="bbox 186 1429 1095 1516; baseline -0.001 -22"><span class='ocrx_word' id='word_1_80' title='bbox 186 1431 207 1516; x_wconf 92' lang='grc'><strong>1,</strong></span> <span class='ocrx_word' id='word_1_81' title='bbox 231 1451 331 1514; x_wconf 90' lang='grc'><strong>00404,</strong></span> <span class='ocrx_word' id='word_1_82' title='bbox 355 1433 450 1513; x_wconf 89' lang='lat' dir='ltr'><strong>atque</strong></span> <span class='ocrx_word' id='word_1_83' title='bbox 472 1429 601 1494; x_wconf 89' lang='lat' dir='ltr'><strong>hostem</strong></span> <span class='ocrx_word' id='word_1_84' title='bbox 623 1429 758 1512; x_wconf 86' lang='lat' dir='ltr'>supplex</span> <span class='ocrx_word' id='word_1_85' title='bbox 782 1429 888 1493; x_wconf 87' lang='lat' dir='ltr'><strong>adfare</strong></span> <span class='ocrx_word' id='word_1_86' title='bbox 912 1429 1095 1514; x_wconf 85' lang='lat' dir='ltr'>superbum.</span> 
     </span>
     <span class='ocr_line' id='line_1_15' title="bbox 186 1524 1190 1611; baseline -0.001 -21"><span class='ocrx_word' id='word_1_87' title='bbox 186 1548 253 1591; x_wconf 90' lang='lat' dir='ltr'><strong>non</strong></span> <span class='ocrx_word' id='word_1_88' title='bbox 276 1547 335 1611; x_wconf 84' lang='lat' dir='ltr'><strong>ego</strong></span> <span class='ocrx_word' id='word_1_89' title='bbox 358 1548 430 1590; x_wconf 90' lang='lat' dir='ltr'><strong>cum</strong></span> <span class='ocrx_word' id='word_1_90' title='bbox 452 1524 572 1589; x_wconf 81' lang='lat' dir='ltr'><strong>Danais</strong></span> <span class='ocrx_word' id='word_1_91' title='bbox 596 1525 766 1590; x_wconf 83' lang='lat' dir='ltr'><strong>Troianam</strong></span> <span class='ocrx_word' id='word_1_92' title='bbox 790 1527 954 1592; x_wconf 80' lang='lat' dir='ltr'>excindere</span> <span class='ocrx_word' id='word_1_93' title='bbox 978 1529 1108 1611; x_wconf 82' lang='lat' dir='ltr'><strong>gentem</strong></span> <span class='ocrx_word' id='word_1_94' title='bbox 1143 1541 1190 1589; x_wconf 82' lang='grc'><strong>445</strong></span> 
     </span>
     <span class='ocr_line' id='line_1_16' title="bbox 187 1622 970 1708; baseline -0.003 -20"><span class='ocrx_word' id='word_1_95' title='bbox 187 1622 303 1688; x_wconf 82' lang='lat' dir='ltr'>Aulide</span> <span class='ocrx_word' id='word_1_96' title='bbox 325 1623 429 1688; x_wconf 82' lang='lat' dir='ltr'><strong>iuravi</strong></span> <span class='ocrx_word' id='word_1_97' title='bbox 452 1623 624 1686; x_wconf 80' lang='lat' dir='ltr'><strong>classemve</strong></span> <span class='ocrx_word' id='word_1_98' title='bbox 648 1624 687 1687; x_wconf 89' lang='lat' dir='ltr'><strong>ad</strong></span> <span class='ocrx_word' id='word_1_99' title='bbox 709 1622 864 1708; x_wconf 84' lang='lat' dir='ltr'><strong>Pergama</strong></span> <span class='ocrx_word' id='word_1_100' title='bbox 886 1623 970 1708; x_wconf 87' lang='lat' dir='ltr'><strong>misi,</strong></span> 
     </span>
     <span class='ocr_line' id='line_1_17' title="bbox 187 1719 1009 1807; baseline 0 -23"><span class='ocrx_word' id='word_1_101' title='bbox 187 1743 246 1786; x_wconf 92' lang='lat' dir='ltr'><strong>nec</strong></span> <span class='ocrx_word' id='word_1_102' title='bbox 268 1721 370 1804; x_wconf 88' lang='lat' dir='ltr'><strong>patris</strong></span> <span class='ocrx_word' id='word_1_103' title='bbox 392 1719 552 1785; x_wconf 84' lang='lat' dir='ltr'><strong>Anchisae</strong></span> <span class='ocrx_word' id='word_1_104' title='bbox 575 1720 694 1784; x_wconf 85' lang='lat' dir='ltr'><strong>cineres</strong></span> <span class='ocrx_word' id='word_1_105' title='bbox 717 1741 866 1784; x_wconf 78' lang='lat' dir='ltr'><strong>manusve</strong></span> <span class='ocrx_word' id='word_1_106' title='bbox 888 1721 1009 1807; x_wconf 84' lang='lat' dir='ltr'><strong>revelli,</strong></span> 
     </span>
     <span class='ocr_line' id='line_1_18' title="bbox 189 1817 1047 1901; baseline 0.001 -20"><span class='ocrx_word' id='word_1_107' title='bbox 189 1839 245 1882; x_wconf 88' lang='lat' dir='ltr'>eur</span> <span class='ocrx_word' id='word_1_108' title='bbox 267 1839 338 1881; x_wconf 86' lang='lat' dir='ltr'><strong>mea</strong></span> <span class='ocrx_word' id='word_1_109' title='bbox 361 1817 446 1880; x_wconf 89' lang='lat' dir='ltr'><strong>dicta</strong></span> <span class='ocrx_word' id='word_1_110' title='bbox 467 1820 564 1901; x_wconf 85' lang='lat' dir='ltr'><strong>neget</strong></span> <span class='ocrx_word' id='word_1_111' title='bbox 587 1817 682 1880; x_wconf 89' lang='lat' dir='ltr'><strong>duras</strong></span> <span class='ocrx_word' id='word_1_112' title='bbox 706 1817 872 1882; x_wconf 72' lang='lat' dir='ltr'><strong>demittere</strong></span> <span class='ocrx_word' id='word_1_113' title='bbox 894 1817 930 1880; x_wconf 89' lang='lat' dir='ltr'><strong>in</strong></span> <span class='ocrx_word' id='word_1_114' title='bbox 952 1817 1047 1882; x_wconf 89' lang='lat' dir='ltr'><strong>auris.</strong></span> 
     </span>
     <span class='ocr_line' id='line_1_19' title="bbox 190 1913 1180 1998; baseline 0.002 -21"><span class='ocrx_word' id='word_1_115' title='bbox 190 1936 253 1998; x_wconf 91' lang='lat' dir='ltr'>quo</span> <span class='ocrx_word' id='word_1_116' title='bbox 277 1913 365 1977; x_wconf 81' lang='lat' dir='ltr'><strong>ruit?</strong></span> <span class='ocrx_word' id='word_1_117' title='bbox 390 1918 568 1978; x_wconf 91' lang='lat' dir='ltr'><strong>extremum</strong></span> <span class='ocrx_word' id='word_1_118' title='bbox 589 1913 651 1978; x_wconf 91' lang='grc'><strong>1400</strong></span> <span class='ocrx_word' id='word_1_119' title='bbox 673 1913 808 1978; x_wconf 84' lang='lat' dir='ltr'><strong>miserae</strong></span> <span class='ocrx_word' id='word_1_120' title='bbox 832 1915 885 1979; x_wconf 89' lang='lat' dir='ltr'><strong>det</strong></span> <span class='ocrx_word' id='word_1_121' title='bbox 908 1937 1024 1978; x_wconf 88' lang='lat' dir='ltr'><strong>munus</strong></span> <span class='ocrx_word' id='word_1_122' title='bbox 1049 1917 1180 1979; x_wconf 82' lang='lat' dir='ltr'><strong>amanti:</strong></span> 
     </span>
     <span class='ocr_line' id='line_1_20' title="bbox 190 2009 1193 2095; baseline 0.003 -20"><span class='ocrx_word' id='word_1_123' title='bbox 190 2014 334 2094; x_wconf 86' lang='lat' dir='ltr'><strong>expectet</strong></span> <span class='ocrx_word' id='word_1_124' title='bbox 357 2009 545 2092; x_wconf 84' lang='lat' dir='ltr'><strong>facilemque</strong></span> <span class='ocrx_word' id='word_1_125' title='bbox 568 2011 678 2094; x_wconf 79' lang='lat' dir='ltr'><strong>lugam</strong></span> <span class='ocrx_word' id='word_1_126' title='bbox 700 2015 877 2095; x_wconf 84' lang='lat' dir='ltr'><strong>ventosque</strong></span> <span class='ocrx_word' id='word_1_127' title='bbox 900 2012 1042 2077; x_wconf 85' lang='lat' dir='ltr'><strong>ferentis.</strong></span> <span class='ocrx_word' id='word_1_128' title='bbox 1145 2031 1193 2078; x_wconf 81' lang='grc'><strong>430</strong></span> 
     </span>
     <span class='ocr_line' id='line_1_21' title="bbox 189 2107 1098 2196; baseline 0.003 -26"><span class='ocrx_word' id='word_1_129' title='bbox 189 2128 256 2172; x_wconf 91' lang='lat' dir='ltr'><strong>non</strong></span> <span class='ocrx_word' id='word_1_130' title='bbox 278 2107 343 2171; x_wconf 89' lang='lat' dir='ltr'><strong>iam</strong></span> <span class='ocrx_word' id='word_1_131' title='bbox 366 2107 551 2191; x_wconf 84' lang='lat' dir='ltr'><strong>coniugium</strong></span> <span class='ocrx_word' id='word_1_132' title='bbox 575 2108 724 2194; x_wconf 88' lang='lat' dir='ltr'><strong>anticum,</strong></span> <span class='ocrx_word' id='word_1_133' title='bbox 747 2108 834 2192; x_wconf 90' lang='lat' dir='ltr'>quod</span> <span class='ocrx_word' id='word_1_134' title='bbox 856 2109 1006 2196; x_wconf 77' lang='lat' dir='ltr'><strong>prodidit,</strong></span> <span class='ocrx_word' id='word_1_135' title='bbox 1030 2131 1098 2196; x_wconf 90' lang='grc'><strong>040,</strong></span> 
     </span>
     <span class='ocr_line' id='line_1_22' title="bbox 189 2202 1130 2290; baseline 0.002 -22"><span class='ocrx_word' id='word_1_136' title='bbox 189 2226 248 2270; x_wconf 89' lang='lat' dir='ltr'><strong>nec</strong></span> <span class='ocrx_word' id='word_1_137' title='bbox 270 2203 404 2287; x_wconf 90' lang='lat' dir='ltr'>pulchro</span> <span class='ocrx_word' id='word_1_138' title='bbox 427 2207 465 2268; x_wconf 91' lang='lat' dir='ltr'><strong>ut</strong></span> <span class='ocrx_word' id='word_1_139' title='bbox 487 2202 581 2268; x_wconf 84' lang='lat' dir='ltr'><strong>Latio</strong></span> <span class='ocrx_word' id='word_1_140' title='bbox 605 2209 711 2270; x_wconf 86' lang='lat' dir='ltr'><strong>careat</strong></span> <span class='ocrx_word' id='word_1_141' title='bbox 733 2227 931 2290; x_wconf 83' lang='lat' dir='ltr'>regnumque</span> <span class='ocrx_word' id='word_1_142' title='bbox 954 2207 1130 2290; x_wconf 85' lang='lat' dir='ltr'><strong>relinquat:</strong></span> 
     </span>
     <span class='ocr_line' id='line_1_23' title="bbox 191 2301 1072 2390; baseline 0.002 -24"><span class='ocrx_word' id='word_1_143' title='bbox 191 2307 318 2385; x_wconf 91' lang='lat' dir='ltr'><strong>tempus</strong></span> <span class='ocrx_word' id='word_1_144' title='bbox 341 2301 543 2387; x_wconf 84' lang='grc' dir='ltr'><strong>144044οΡ040,</strong></span> <span class='ocrx_word' id='word_1_145' title='bbox 566 2302 710 2384; x_wconf 89' lang='lat' dir='ltr'>requiem</span> <span class='ocrx_word' id='word_1_146' title='bbox 733 2303 937 2386; x_wconf 88' lang='lat' dir='ltr'><strong>spatiumque</strong></span> <span class='ocrx_word' id='word_1_147' title='bbox 959 2303 1072 2390; x_wconf 83' lang='lat' dir='ltr'>furori,</span> 
     </span>
     <span class='ocr_line' id='line_1_24' title="bbox 191 2397 998 2465; baseline 0.002 -2"><span class='ocrx_word' id='word_1_148' title='bbox 191 2401 267 2464; x_wconf 88' lang='lat' dir='ltr'><strong>dum</strong></span> <span class='ocrx_word' id='word_1_149' title='bbox 289 2421 359 2463; x_wconf 88' lang='lat' dir='ltr'><strong>mea</strong></span> <span class='ocrx_word' id='word_1_150' title='bbox 381 2420 432 2462; x_wconf 94' lang='lat' dir='ltr'><strong>me</strong></span> <span class='ocrx_word' id='word_1_151' title='bbox 454 2397 573 2462; x_wconf 84' lang='lat' dir='ltr'><strong>victam</strong></span> <span class='ocrx_word' id='word_1_152' title='bbox 596 2399 707 2462; x_wconf 89' lang='lat' dir='ltr'><strong>doceat</strong></span> <span class='ocrx_word' id='word_1_153' title='bbox 729 2400 861 2464; x_wconf 82' lang='lat' dir='ltr'><strong>fortuna</strong></span> <span class='ocrx_word' id='word_1_154' title='bbox 883 2401 998 2465; x_wconf 89' lang='grc'><strong>(101040.</strong></span> 
     </span>
     <span class='ocr_line' id='line_1_25' title="bbox 193 2494 1195 2585; baseline 0.001 -25"><span class='ocrx_word' id='word_1_155' title='bbox 193 2500 367 2560; x_wconf 85' lang='lat' dir='ltr'><strong>extremam</strong></span> <span class='ocrx_word' id='word_1_156' title='bbox 388 2494 471 2558; x_wconf 88' lang='lat' dir='ltr'><strong>hanc</strong></span> <span class='ocrx_word' id='word_1_157' title='bbox 495 2515 551 2559; x_wconf 92' lang='lat' dir='ltr'><strong>oro</strong></span> <span class='ocrx_word' id='word_1_158' title='bbox 575 2496 701 2560; x_wconf 86' lang='lat' dir='ltr'><strong>veniam</strong></span> <span class='ocrx_word' id='word_1_159' title='bbox 724 2494 889 2583; x_wconf 84' lang='lat' dir='ltr'><strong>(miserere</strong></span> <span class='ocrx_word' id='word_1_160' title='bbox 911 2496 1057 2585; x_wconf 87' lang='grc'><strong>0040410),</strong></span> <span class='ocrx_word' id='word_1_161' title='bbox 1147 2515 1195 2562; x_wconf 84' lang='grc'><strong>405</strong></span> 
     </span>
     <span class='ocr_line' id='line_1_26' title="bbox 193 2591 1196 2679; baseline 0.002 -23"><span class='ocrx_word' id='word_1_162' title='bbox 193 2615 289 2678; x_wconf 91' lang='lat' dir='ltr'><strong>quam</strong></span> <span class='ocrx_word' id='word_1_163' title='bbox 310 2591 391 2655; x_wconf 90' lang='lat' dir='ltr'><strong>mihi</strong></span> <span class='ocrx_word' id='word_1_164' title='bbox 413 2613 486 2655; x_wconf 89' lang='lat' dir='ltr'><strong>cum</strong></span> <span class='ocrx_word' id='word_1_165' title='bbox 508 2591 643 2679; x_wconf 73' lang='lat' dir='ltr'><strong>dederit,</strong></span> <span class='ocrx_word' id='word_1_166' title='bbox 666 2594 860 2658; x_wconf 76' lang='lat' dir='ltr'><strong>cumulatam</strong></span> <span class='ocrx_word' id='word_1_167' title='bbox 883 2598 993 2658; x_wconf 88' lang='lat' dir='ltr'><strong>monte</strong></span> <span class='ocrx_word' id='word_1_168' title='bbox 1016 2593 1196 2658; x_wconf 66' lang='lat' dir='ltr'><strong>remittam?</strong></span> 
     </span>
    </p>

    <p class='ocr_par' dir='ltr' id='par_1_6' title="bbox 192 2687 1198 3548">
     <span class='ocr_line' id='line_1_27' title="bbox 237 2687 996 2774; baseline 0.001 -22"><span class='ocrx_word' id='word_1_169' title='bbox 237 2688 370 2752; x_wconf 86' lang='lat' dir='ltr'><strong>Talibus</strong></span> <span class='ocrx_word' id='word_1_170' title='bbox 395 2687 517 2774; x_wconf 81' lang='lat' dir='ltr'><strong>orabat,</strong></span> <span class='ocrx_word' id='word_1_171' title='bbox 539 2689 678 2772; x_wconf 87' lang='lat' dir='ltr'><strong>talisque</strong></span> <span class='ocrx_word' id='word_1_172' title='bbox 700 2688 879 2753; x_wconf 89' lang='lat' dir='ltr'><strong>miserrima</strong></span> <span class='ocrx_word' id='word_1_173' title='bbox 901 2689 996 2753; x_wconf 89' lang='lat' dir='ltr'><strong>fletus</strong></span> 
     </span>
     <span class='ocr_line' id='line_1_28' title="bbox 192 2785 1096 2869; baseline -0.003 -16"><span class='ocrx_word' id='word_1_174' title='bbox 192 2787 319 2869; x_wconf 89' lang='lat' dir='ltr'><strong>fertque</strong></span> <span class='ocrx_word' id='word_1_175' title='bbox 341 2785 503 2869; x_wconf 88' lang='lat' dir='ltr'>refertque</span> <span class='ocrx_word' id='word_1_176' title='bbox 526 2806 625 2850; x_wconf 88' lang='grc'><strong>00404.</strong></span> <span class='ocrx_word' id='word_1_177' title='bbox 672 2787 727 2850; x_wconf 89' lang='lat' dir='ltr'><strong>sed</strong></span> <span class='ocrx_word' id='word_1_178' title='bbox 748 2785 846 2850; x_wconf 90' lang='lat' dir='ltr'><strong>nullis</strong></span> <span class='ocrx_word' id='word_1_179' title='bbox 870 2787 925 2850; x_wconf 91' lang='grc'><strong>1110</strong></span> <span class='ocrx_word' id='word_1_180' title='bbox 947 2790 1096 2851; x_wconf 78' lang='lat' dir='ltr'><strong>movetur</strong></span> 
     </span>
     <span class='ocr_line' id='line_1_29' title="bbox 193 2882 988 2967; baseline 0.003 -21"><span class='ocrx_word' id='word_1_181' title='bbox 193 2882 333 2967; x_wconf 86' lang='lat' dir='ltr'><strong>fletibus,</strong></span> <span class='ocrx_word' id='word_1_182' title='bbox 355 2882 435 2946; x_wconf 90' lang='lat' dir='ltr'><strong>haut</strong></span> <span class='ocrx_word' id='word_1_183' title='bbox 457 2903 551 2947; x_wconf 87' lang='lat' dir='ltr'><strong>voces</strong></span> <span class='ocrx_word' id='word_1_184' title='bbox 575 2883 657 2946; x_wconf 90' lang='lat' dir='ltr'><strong>ullas</strong></span> <span class='ocrx_word' id='word_1_185' title='bbox 680 2883 861 2948; x_wconf 86' lang='lat' dir='ltr'><strong>tractabilis</strong></span> <span class='ocrx_word' id='word_1_186' title='bbox 884 2884 988 2948; x_wconf 86' lang='lat' dir='ltr'><strong>audit:</strong></span> 
     </span>
     <span class='ocr_line' id='line_1_30' title="bbox 193 2979 1197 3067; baseline 0.002 -23"><span class='ocrx_word' id='word_1_187' title='bbox 193 2981 260 3044; x_wconf 82' lang='lat' dir='ltr'><strong>fata</strong></span> <span class='ocrx_word' id='word_1_188' title='bbox 284 2979 425 3064; x_wconf 82' lang='lat' dir='ltr'><strong>obstant,</strong></span> <span class='ocrx_word' id='word_1_189' title='bbox 447 2980 651 3064; x_wconf 90' lang='lat' dir='ltr'><strong>placidasque</strong></span> <span class='ocrx_word' id='word_1_190' title='bbox 674 2981 736 3044; x_wconf 83' lang='lat' dir='ltr'><strong>viri</strong></span> <span class='ocrx_word' id='word_1_191' title='bbox 758 2981 835 3044; x_wconf 88' lang='lat' dir='ltr'>deus</span> <span class='ocrx_word' id='word_1_192' title='bbox 859 2980 1001 3044; x_wconf 86' lang='lat' dir='ltr'><strong>obstruit</strong></span> <span class='ocrx_word' id='word_1_193' title='bbox 1025 2981 1122 3067; x_wconf 84' lang='lat' dir='ltr'><strong>auris,</strong></span> <span class='ocrx_word' id='word_1_194' title='bbox 1150 2999 1197 3046; x_wconf 90' lang='grc'><strong>440</strong></span> 
     </span>
     <span class='ocr_line' id='line_1_31' title="bbox 195 3077 1055 3161; baseline -0.001 -19"><span class='ocrx_word' id='word_1_195' title='bbox 195 3099 231 3142; x_wconf 87' lang='grc'><strong>00</strong></span> <span class='ocrx_word' id='word_1_196' title='bbox 253 3077 341 3141; x_wconf 83' lang='lat' dir='ltr'><strong>velut</strong></span> <span class='ocrx_word' id='word_1_197' title='bbox 364 3098 485 3141; x_wconf 88' lang='lat' dir='ltr'><strong>annoso</strong></span> <span class='ocrx_word' id='word_1_198' title='bbox 508 3077 646 3142; x_wconf 88' lang='lat' dir='ltr'><strong>validam</strong></span> <span class='ocrx_word' id='word_1_199' title='bbox 669 3099 741 3142; x_wconf 89' lang='lat' dir='ltr'><strong>cum</strong></span> <span class='ocrx_word' id='word_1_200' title='bbox 763 3077 879 3142; x_wconf 89' lang='lat' dir='ltr'>robore</span> <span class='ocrx_word' id='word_1_201' title='bbox 903 3099 1055 3161; x_wconf 90' lang='lat' dir='ltr'><strong>quercum</strong></span> 
     </span>
     <span class='ocr_line' id='line_1_32' title="bbox 194 3173 1023 3258; baseline 0 -19"><span class='ocrx_word' id='word_1_202' title='bbox 194 3174 306 3258; x_wconf 83' lang='lat' dir='ltr'><strong>Alpini</strong></span> <span class='ocrx_word' id='word_1_203' title='bbox 329 3173 444 3238; x_wconf 86' lang='lat' dir='ltr'><strong>boreae</strong></span> <span class='ocrx_word' id='word_1_204' title='bbox 465 3195 551 3238; x_wconf 92' lang='lat' dir='ltr'><strong>nunc</strong></span> <span class='ocrx_word' id='word_1_205' title='bbox 573 3174 649 3239; x_wconf 88' lang='lat' dir='ltr'><strong>hinc</strong></span> <span class='ocrx_word' id='word_1_206' title='bbox 670 3196 756 3239; x_wconf 89' lang='lat' dir='ltr'><strong>nunc</strong></span> <span class='ocrx_word' id='word_1_207' title='bbox 778 3173 910 3238; x_wconf 89' lang='lat' dir='ltr'><strong>flatibus</strong></span> <span class='ocrx_word' id='word_1_208' title='bbox 933 3175 1023 3239; x_wconf 86' lang='lat' dir='ltr'><strong>illinc</strong></span> 
     </span>
     <span class='ocr_line' id='line_1_33' title="bbox 196 3271 992 3355; baseline -0.003 -19"><span class='ocrx_word' id='word_1_209' title='bbox 196 3292 305 3336; x_wconf 89' lang='lat' dir='ltr'>cruere</span> <span class='ocrx_word' id='word_1_210' title='bbox 328 3271 412 3334; x_wconf 86' lang='lat' dir='ltr'><strong>inter</strong></span> <span class='ocrx_word' id='word_1_211' title='bbox 436 3292 469 3335; x_wconf 93' lang='lat' dir='ltr'><strong>se</strong></span> <span class='ocrx_word' id='word_1_212' title='bbox 492 3275 628 3354; x_wconf 79' lang='lat' dir='ltr'><strong>certant3</strong></span> <span class='ocrx_word' id='word_1_213' title='bbox 651 3271 678 3334; x_wconf 94' lang='lat' dir='ltr'><strong>it</strong></span> <span class='ocrx_word' id='word_1_214' title='bbox 702 3271 829 3355; x_wconf 82' lang='lat' dir='ltr'><strong>stridor,</strong></span> <span class='ocrx_word' id='word_1_215' title='bbox 852 3275 884 3335; x_wconf 93' lang='lat' dir='ltr'><strong>et</strong></span> <span class='ocrx_word' id='word_1_216' title='bbox 907 3272 992 3335; x_wconf 91' lang='lat' dir='ltr'><strong>altae</strong></span> 
     </span>
     <span class='ocr_line' id='line_1_34' title="bbox 196 3367 1026 3453; baseline 0 -21"><span class='ocrx_word' id='word_1_217' title='bbox 196 3370 406 3432; x_wconf 88' lang='lat' dir='ltr'><strong>consternunt</strong></span> <span class='ocrx_word' id='word_1_218' title='bbox 428 3371 548 3431; x_wconf 89' lang='lat' dir='ltr'><strong>terram</strong></span> <span class='ocrx_word' id='word_1_219' title='bbox 571 3388 723 3431; x_wconf 88' lang='lat' dir='ltr'><strong>concusso</strong></span> <span class='ocrx_word' id='word_1_220' title='bbox 748 3367 859 3449; x_wconf 87' lang='lat' dir='ltr'><strong>stipite</strong></span> <span class='ocrx_word' id='word_1_221' title='bbox 881 3368 1026 3453; x_wconf 86' lang='lat' dir='ltr'><strong>frondes;</strong></span> 
     </span>
     <span class='ocr_line' id='line_1_35' title="bbox 195 3463 1198 3548; baseline 0.003 -20"><span class='ocrx_word' id='word_1_222' title='bbox 195 3465 267 3548; x_wconf 92' lang='lat' dir='ltr'><strong>ipsa</strong></span> <span class='ocrx_word' id='word_1_223' title='bbox 288 3463 398 3526; x_wconf 86' lang='lat' dir='ltr'><strong>haeret</strong></span> <span class='ocrx_word' id='word_1_224' title='bbox 421 3463 561 3546; x_wconf 87' lang='lat' dir='ltr'><strong>scopulis</strong></span> <span class='ocrx_word' id='word_1_225' title='bbox 585 3467 618 3526; x_wconf 93' lang='grc'><strong>04</strong></span> <span class='ocrx_word' id='word_1_226' title='bbox 641 3466 797 3546; x_wconf 88' lang='lat' dir='ltr'><strong>quantum</strong></span> <span class='ocrx_word' id='word_1_227' title='bbox 819 3464 937 3527; x_wconf 85' lang='lat' dir='ltr'><strong>vertice</strong></span> <span class='ocrx_word' id='word_1_228' title='bbox 961 3466 999 3528; x_wconf 86' lang='lat' dir='ltr'><strong>ad</strong></span> <span class='ocrx_word' id='word_1_229' title='bbox 1024 3489 1119 3530; x_wconf 88' lang='lat' dir='ltr'><strong>auras</strong></span> <span class='ocrx_word' id='word_1_230' title='bbox 1153 3484 1198 3530; x_wconf 85' lang='grc'><strong>445</strong></span> 
     </span>
    </p>
   </div>
   <div class='ocr_carea' id='block_1_4' title="bbox 0 0 1329 3964">
    <p class='ocr_par' dir='ltr' id='par_1_7' title="bbox 0 0 1329 3964">
     <span class='ocr_line' id='line_1_36' title="bbox 0 0 1329 3964; baseline 0 0"><span class='ocrx_word' id='word_1_231' title='bbox 0 0 1329 3964; x_wconf 95' lang='lat' dir='ltr'><strong> </strong></span> 
     </span>
    </p>
   </div>
  </div>
 </body>
</html>
