2552 3958
191 253 234 317 36
491 248 640 304 VERGILI
659 247 869 303 GEORGICON
886 249 899 300 1

192 415 220 477 si
243 417 394 497 superant
416 414 515 496 fetus,
537 411 657 496 pariter
679 411 839 474 frumenta
862 415 1048 496 sequentur,

190 531 369 594 magnaque
392 533 464 574 cum
486 530 603 594 magno
626 508 733 572 ueniet
755 508 873 571 tritura
896 508 1012 592 calore3
1146 526 1192 576 190

193 611 226 670 at
249 607 277 671 si
299 607 427 671 luxuria
449 607 601 671 foliorum
624 605 777 669 exuberat
799 606 926 689 umbra,
955 677 957 681 ι

174 705 386 788 -nequiquam
408 703 652 789 pinguispalea
674 705 757 766 teret
780 723 852 766 area
875 703 1005 766 culmos.

194 802 314 864 semina
336 802 402 864 vidi
425 801 571 885 equidem
592 800 713 863 multos
736 798 892 862 medicare
915 800 1050 863 serentis

194 903 225 962 et
247 899 333 963 nitro
358 899 447 982 prius
471 902 503 961 et
525 897 619 980 nigra
641 896 829 979 perfundere
853 919 993 982 amurca,

194 996 343 1079 grandior
366 1000 403 1060 ut
426 996 511 1058 fetus
535 993 661 1076 siliquis
683 993 852 1058 fallacibus
875 997 972 1078 esset,
1148 1011 1194 1058 195

194 1098 225 1157 et
249 1094 394 1177 quamvis
417 1093 486 1177 igni
508 1092 623 1176 exiguo
647 1095 819 1174 properata
841 1091 1011 1155 maderent.

193 1191 259 1254 vidi
281 1191 363 1254 lecta
386 1190 441 1253 diu
464 1193 495 1252 ct
518 1189 620 1252 multo
646 1192 789 1271 spectata
810 1187 920 1252 labore

194 1288 383 1372 degenerare
405 1291 527 1370 tamen,
548 1285 583 1348 ni
605 1285 654 1348 vis
677 1284 816 1350 humana
839 1285 1013 1369 quotannis

193 1385 332 1448 maxima
355 1403 499 1468 quaeque
521 1403 618 1445 manu
641 1381 770 1465 legeret.
817 1384 862 1447 sic
885 1384 991 1446 omnia
1014 1384 1093 1447 fatis

194 1483 228 1545 in
250 1481 341 1565 peius
365 1502 456 1544 ruere
480 1501 516 1544 ac
537 1481 624 1542 retro
649 1479 800 1563 sublapsa
822 1481 947 1566 referri,
1147 1497 1197 1545 200

121 1571 125 1577 ’
194 1600 260 1642 non
282 1578 375 1641 aliter
399 1598 494 1660 quam
517 1575 573 1659 qui
596 1576 727 1640 adverso
750 1577 804 1641 vix
827 1576 957 1641 flumine
979 1577 1123 1642 lembum

194 1675 336 1760 remigiis
360 1673 496 1758 subigit,
519 1673 547 1736 si
570 1672 718 1736 bracchia
739 1674 824 1738 forte
846 1675 983 1760 remisit,

153 1790 158 1902 Ι
196 1777 291 1856 atque
313 1772 406 1835 illum
428 1791 578 1854 praeceps
601 1791 704 1852 prono
726 1771 812 1854 rapit
835 1771 942 1836 alveus
966 1773 1061 1835 amni.

239 1869 407 1933 Praeterea
429 1872 497 1930 tam
520 1871 596 1931 sunt
619 1868 739 1930 arcturi
762 1869 865 1932 sidera
886 1869 980 1932 nobis

195 1967 431 2048 haedorumque
454 1965 520 2028 dies
544 1964 690 2027 servandi
713 1968 745 2028 et
767 1965 890 2030 lucidus
914 1967 1042 2052 anguis,
1148 1987 1199 2034 aco

196 2087 292 2149 quam
315 2063 432 2146 quibus
455 2063 490 2125 in
512 2062 649 2145 patriam
671 2065 804 2125 ventosa
826 2085 883 2145 per
905 2085 1044 2146 aequora
1067 2066 1168 2129 vectis

195 2165 314 2247 pontus
337 2164 369 2224 et
392 2158 534 2224 ostriferi
556 2159 662 2221 fauces
685 2161 884 2241 temptantur
906 2160 1021 2242 Abydi.
1262 2165 1263 2234 l

195 2259 278 2322 libra
301 2258 351 2320 die
375 2257 541 2340 somnique
563 2277 655 2338 pares
678 2255 735 2318 nbi
758 2255 867 2319 fecerit
889 2256 1000 2342 horae,

197 2360 228 2420 et
249 2354 388 2419 medium
410 2353 475 2416 luci
498 2356 594 2435 atque
615 2352 739 2416 umbris
762 2353 827 2416 ianr
849 2354 962 2418 dividit
986 2355 1111 2421 orbem:

196 2457 351 2537 exercete,
373 2451 451 2535 viri,
473 2454 598 2534 tauroS,
621 2450 717 2512 serite
738 2449 857 2514 hordea
880 2451 999 2534 campis
1150 2471 1200 2519 210

195 2571 297 2634 usque
320 2549 380 2613 sub
405 2551 582 2612 extremum
604 2546 735 2610 brumae
758 2547 972 2612 intractabilis
995 2549 1148 2635 imbrem3

195 2668 341 2712 necnon
364 2649 395 2708 et
417 2645 478 2708 lini
501 2648 642 2728 segetem
664 2649 696 2707 et
719 2641 847 2707 Cereale
869 2666 1007 2726 papaver

196 2749 322 2826 tempus
344 2743 442 2806 humo
465 2746 573 2826 tegere
600 2745 632 2804 et
660 2740 843 2805 iamdudum
870 2742 1051 2806 incumbere
1075 2743 1202 2828 aratriS,

197 2841 272 2904 dum
295 2839 376 2903 sicca
399 2840 514 2902 tellure
537 2838 625 2923 licet,
648 2838 724 2901 dum
745 2838 857 2901 nubila
880 2838 1025 2920 pendent.

197 2960 269 3003 vere
291 2936 375 3000 fabis
399 2935 495 3020 satio;
517 2939 588 2999 tum
609 2939 642 2998 te
665 2957 805 3020 quoque,
827 2935 961 3019 medica,
983 2940 1095 3018 putres
1148 2955 1201 3002 ara

198 3035 357 3117 accipiunt
380 3032 474 3115 sulci,
497 3035 529 3095 et
551 3031 641 3094 milio
665 3033 753 3095 venit
777 3055 881 3096 annua
904 3055 992 3116 cura,

198 3131 348 3196 candidus
372 3130 493 3193 auratis
517 3129 620 3211 aperit
643 3151 716 3192 cum
738 3129 888 3194 cornibus
912 3151 1030 3193 annum

197 3233 324 3311 taurus,
347 3232 379 3290 et
402 3247 512 3289 averso
536 3225 648 3289 cedens
671 3226 759 3290 canis
783 3227 897 3290 occidit
920 3230 1016 3290 astro.

198 3330 232 3392 at
255 3326 283 3390 si
306 3324 465 3388 triticeam
486 3323 522 3386 in
543 3345 679 3386 messem
701 3322 897 3406 robustaque
919 3324 1005 3387 farra

198 3421 357 3488 exercebis
381 3421 515 3489 humum
538 3420 679 3503 solisque
701 3419 839 3483 instabis
863 3420 987 3503 aristis,
1152 3439 1203 3487 220

199 3524 272 3586 ante
295 3519 357 3583 tibi
380 3538 455 3580 eoae
478 3515 660 3579 Atlantides
684 3516 920 3580 abscondantur
