2576 3970
197 241 263 308 200
528 241 678 296 VERGILI
696 239 831 294 Annnls
845 239 871 294 V

197 426 345 490 aequora,
369 405 414 468 sic
436 403 525 468 illam
548 404 610 467 fert
633 403 773 486 impetus
796 404 865 488 ipse
888 404 1060 468 volantem.

198 506 231 565 et
254 501 393 584 primum
416 502 451 565 in
474 502 604 585 scopulo
628 501 804 564 luctantem
827 501 944 564 deserit
967 501 1034 564 alto
1155 516 1199 564 ‘22⁰

199 593 385 681 Sergestum
407 598 622 681 brevibusque
643 598 734 661 vadis
756 598 942 682 frustraque
964 600 1131 662 vocantem

199 695 318 759 auxilia
341 699 372 758 et
395 695 505 758 fractis
529 694 703 758 discentem
725 717 852 759 currere
874 695 978 760 remis.

198 791 271 857 inde
295 790 388 876 Gyan
410 793 577 876 ipsamque
599 791 726 876 ingenti
749 793 832 856 mole
856 790 1058 858 Chimaeram

78 920 80 924 ¹
198 890 418 973 consequitur:
441 889 534 974 cedit,
557 889 709 971 quoniam
733 889 871 972 spoliata
893 891 1049 975 magistro
1074 894 1130 954 est.

199 987 288 1050 solus
311 988 438 1070 iamque
460 986 532 1069 ipso
557 990 703 1069 superest
727 986 761 1049 in
783 987 846 1050 fine
870 984 1059 1072 Cloanthus,
1154 1003 1198 1051 225

199 1104 295 1166 quem
317 1082 400 1166 petit
424 1082 612 1170 etsummis
636 1083 770 1147 adnixus
794 1084 918 1147 viribus
941 1089 1044 1168 urget.
1272 1105 1273 1144 r

198 1183 269 1244 tum
291 1201 366 1244 vero
389 1175 577 1264 ingeminat
590 1181 719 1266 clamor,
742 1181 911 1264 cunctique
934 1185 1120 1264 sequentem

198 1277 358 1361 instigant
381 1278 507 1363 studiis,
529 1281 722 1361 resonatque
744 1278 928 1362 fragoribus
953 1278 1070 1342 aether.

197 1373 234 1438 hi
256 1375 423 1459 proprium
446 1376 540 1439 decus
564 1379 596 1439 et
618 1379 747 1458 partum
771 1375 981 1459 indignantur
1002 1375 1157 1440 honorem

198 1472 234 1535 ni
255 1475 395 1556 teneant,
417 1473 580 1555 vitamque
602 1471 718 1536 volunt
741 1494 800 1556 pro
823 1472 916 1535 laude
939 1473 1071 1558 pacisci,
1156 1490 1201 1537 230
1273 1539 1274 1546 ,

198 1569 259 1632 hos
284 1589 447 1632 successus
471 1567 542 1631 alit:
566 1572 712 1654 possunt,
735 1569 810 1653 quia
833 1591 928 1653 posse
950 1569 1108 1635 videntur.

200 1670 233 1731 11
256 1665 323 1729 fors
347 1667 491 1750 aequatis
514 1667 673 1750 cepissent
695 1667 836 1749 praemia
859 1667 984 1752 rostris,

199 1763 235 1826 ni
257 1763 379 1846 palmas
402 1767 502 1846 ponto
525 1763 659 1828 tendens
682 1767 836 1847 utrasque
859 1761 1039 1828 Cloanthus

200 1860 399 1943 fudissetque
421 1882 529 1943 preces
553 1860 707 1943 divosque
729 1860 764 1923 in
786 1865 863 1925 vota
884 1865 1037 1926 vocasset.

202 1957 260 2042 ‘di,
297 1956 413 2040 quibus
449 1955 619 2038 imperium
654 1960 703 2021 est
739 1958 860 2044 pelagi,
897 1979 1034 2042 quorum
1073 1981 1206 2044 aequora

926 2076 1029 2140 curro,
1159 2072 1205 2120 aas

200 2151 295 2216 vobis
318 2151 422 2215 laetus
445 2172 504 2236 ego
527 2151 589 2215 hoc
611 2151 797 2215 candentem
819 2151 855 2216 in
876 2151 973 2215 litore
996 2155 1128 2216 taurum

202 2248 397 2313 constituam
421 2252 494 2310 ante
518 2269 588 2310 aras
612 2247 682 2311 voti
704 2269 776 2311 reus
800 2251 937 2332 extaque
961 2248 1063 2312 salsos

201 2347 357 2432 proiciam
378 2346 413 2408 in
435 2345 552 2408 finctus
576 2349 608 2408 et
630 2345 705 2409 vina
727 2344 884 2428 liquentia
907 2345 1059 2408 fundam?

202 2444 294 2528 dixit,
316 2464 451 2525 eumque
473 2442 547 2505 imis
571 2441 631 2505 sub
654 2441 806 2506 fluctibus
830 2442 932 2508 audiit
955 2442 1060 2506 omnis

202 2540 378 2606 Nereidum
399 2539 577 2622 Phorcique
601 2539 718 2602 chorus
741 2537 952 2622 Panopeaque
975 2539 1079 2624 virgo,
1160 2555 1209 2603 240

203 2644 236 2704 et
258 2642 350 2722 pater
372 2637 442 2720 ipse
464 2659 561 2700 manu
583 2657 699 2720 magna
721 2633 885 2698 Portunus
908 2639 1037 2699 euntem

203 2736 346 2820 impulit:
369 2735 426 2798 illa
448 2739 527 2799 noto
551 2735 646 2798 citius
669 2731 855 2815 volucrique
879 2732 999 2816 sagitta

205 2833 244 2896 ad
266 2836 385 2896 terram
407 2831 493 2914 fugit
516 2834 549 2894 11
572 2834 669 2914 portu
692 2852 726 2894 se
749 2829 891 2893 condidit
915 2829 990 2893 alto.

204 2934 275 2993 tum
299 2932 387 2992 satus
410 2927 552 2992 Anchisa
575 2928 697 2992 cunctis
722 2949 760 2990 ex
782 2947 871 2989 more
893 2926 1015 2990 vocatis

204 3027 359 3090 victorem
381 3045 497 3108 magna
520 3024 686 3108 praeconis
710 3045 786 3088 voce
810 3022 1005 3088 Cloanthum
1163 3040 1209 3089 245

205 3123 345 3187 declarat
368 3123 525 3205 viridique
549 3122 674 3185 advelat
697 3125 842 3205 tempora
865 3122 965 3207 lauro,

205 3241 400 3303 muneraque
421 3219 457 3282 in
478 3219 570 3283 navis
594 3223 702 3282 ternos
727 3223 837 3301 optare
859 3217 1009 3281 iuvencos

205 3318 343 3400 vinaque
366 3320 398 3380 11
421 3316 546 3400 argenti
569 3337 722 3400 magnum
745 3317 799 3380 dat
822 3315 904 3378 ferre
926 3315 1094 3380 talentum.

205 3415 286 3499 ipsis
310 3413 497 3497 praecipuos
521 3413 707 3478 ductoribus
731 3415 819 3478 addit
840 3414 992 3478 honores:

207 3513 323 3580 victori
347 3511 545 3593 chlamydem
564 3516 719 3598 auratam,
742 3510 994 3596 quamplurima
1013 3511 1133 3576 circum
1164 3526 1211 3574 nso
