2538 3970
379 237 527 296 VERGILI
545 237 676 292 nonnis
695 239 746 292 Vll
1002 238 1066 302 259

78 401 124 464 ille
143 401 221 466 inter
241 405 347 464 vestes
372 405 403 464 et
425 400 509 464 levia
531 404 661 482 pectora
683 400 793 484 lapsus

78 497 202 561 volvitur
223 501 348 561 attactu
369 497 459 560 nullo
483 496 631 581 fallitque
654 497 822 582 furentem,
926 470 949 544 l
1016 515 1068 563 350

78 593 219 678 vipeream
242 595 368 678 spirans
392 595 542 677 animam3
566 594 604 657 fit
627 595 738 658 tortile
761 596 843 659 collo
884 596 890 612 ¹

79 714 177 754 aurum
197 691 310 776 ingens
334 690 474 774 coluber,
496 691 535 754 fit
558 691 673 775 longae
696 693 803 755 taenia
826 693 925 756 vittae

78 787 256 872 innectitque
280 810 397 874 comas,
420 791 452 850 et
474 789 626 851 membris
649 789 792 852 lubricus
818 794 910 852 errat.

79 907 108 948 ec
127 885 195 948 dum
216 886 320 968 prima
343 885 411 949 lues
435 884 497 948 udo
522 885 674 970 sublapsa
696 908 817 950 veneno

79 987 255 1067 pertemptat
279 1003 392 1046 sensus
416 987 511 1066 atque
535 983 662 1048 ossibus
686 984 830 1067 implicat
853 985 960 1068 ignem
1016 999 1066 1047 355

78 1081 194 1145 necdum
217 1081 342 1144 animus
365 1082 436 1142 toto
460 1080 602 1162 percepit
624 1085 754 1165 pectore
773 1080 947 1165 ¹flammam,

78 1179 191 1242 mollius
214 1183 245 1242 et
269 1177 367 1242 solito
389 1179 530 1240 matrum
553 1170 590 1241 de
613 1197 701 1240 more
724 1177 831 1242 locuta
855 1182 912 1261 est,

77 1277 165 1340 multa
187 1297 282 1359 super
303 1279 399 1340 natae
421 1274 590 1338 lacrimans
613 1272 828 1358 Phrygiisque
850 1273 1047 1358 hymenaeis:

78 1373 261 1437 ‘exulibusue
284 1371 380 1436 datur
402 1370 544 1435 ducenda
567 1368 700 1434 Lavinia
723 1371 864 1458 Teucris,

76 1492 93 1534 o
114 1471 241 1556 genitor,
263 1491 321 1533 nec
343 1472 376 1532 te
398 1469 528 1531 miseret
551 1471 729 1552 gnataeque
752 1468 886 1552 tuique?
1015 1484 1066 1533 360

75 1588 126 1631 nco
145 1567 254 1630 matris
276 1566 416 1649 miseret,
439 1587 535 1648 quam
558 1566 662 1648 primo
686 1566 835 1650 aquilone
857 1565 1017 1649 relinquet

74 1664 201 1747 perfidos
224 1664 290 1728 alta
311 1667 423 1746 petens
451 1661 586 1726 abducta
609 1662 733 1746 virgine
756 1662 898 1745 praedo?

75 1784 112 1824 an
130 1782 193 1826 non
214 1760 260 1825 sic
281 1759 443 1844 Phrygius
466 1763 613 1842 penetrat
635 1758 870 1824 Lacedaemona
893 1764 1005 1842 pastor

74 1857 280 1940 Ledaeamque
302 1854 458 1920 Helenam
481 1855 636 1919 Troianas
659 1857 748 1919 vexit
771 1856 811 1920 ad
833 1857 950 1920 urbes?

74 1955 143 2038 quid
164 1959 218 2018 tua
241 1952 473 2018 sancta'fides?
497 1953 575 2036 quid
597 1975 672 2016 cura
695 1952 829 2034 antiqua
851 1956 981 2016 tuorum
1015 1969 1065 2018 365

74 2057 102 2116 et
122 2050 353 2136 consanguineo
376 2051 497 2114 totiens
522 2050 596 2113 dats
619 2049 749 2114 dextera
771 2048 902 2113 Turno?

74 2149 98 2212 si
119 2169 211 2234 gener
233 2152 364 2212 externa
386 2147 508 2231 petitur
531 2146 569 2210 de
592 2149 686 2231 gente
709 2143 834 2208 Latinis

73 2245 159 2330 idque
181 2245 269 2308 sedet
290 2243 455 2327 Faunique
477 2248 627 2327 premunt
651 2247 683 2308 te
705 2244 794 2306 iussa
816 2243 968 2328 parentis,

73 2363 189 2406 onmem
206 2340 351 2424 equidem
371 2341 504 2422 sceptris
519 2345 637 2404 terram
652 2362 733 2424 quae
750 2340 852 2404 libera
870 2341 990 2404 nostris

73 2438 204 2523 dissidet,
227 2441 391 2501 externam
413 2458 485 2501 reor
508 2441 540 2501 et
564 2439 610 2502 sic
632 2439 734 2501 dicere
758 2437 857 2501 divos.
1016 2454 1066 2501 370

73 2539 101 2598 et
121 2535 237 2621 Turne,
258 2535 287 2598 si
309 2534 412 2617 prima
435 2532 548 2598 domus
571 2539 735 2616 repetatur
759 2535 860 2620 origo,

72 2630 199 2698 Inachus
223 2631 431 2714 Acrisiusque
453 2635 561 2713 patres
584 2631 768 2713 mediaeque
790 2630 963 2713 Mycenae.
980 2679 987 2693 .
1003 2628 1021 2692 .'

110 2729 168 2794 His
190 2728 247 2794 ubi
269 2728 463 2811 nequiquam
486 2728 579 2792 dictis
603 2731 734 2811 experta
756 2725 907 2792 Latinum

72 2831 175 2891 contra
197 2829 282 2890 stare
305 2826 391 2889 videt
413 2825 605 2909 penitusque
628 2825 663 2888 in
685 2825 807 2888 viscera
829 2826 955 2908 lapsum

73 2923 221 3008 serpentis
243 2923 358 2986 furiale
380 2923 500 2986 malum
523 2926 687 3006 totamque
710 2926 868 3008 pererrat,
1001 2931 1066 2988 ‘375

73 3022 134 3086 tum
154 3041 230 3085 vero
252 3020 373 3107 infelix,
396 3019 581 3104 ingentibus
605 3021 708 3084 excita
730 3021 894 3104 monstris,

72 3116 254 3182 immensum
277 3117 345 3180 sine
368 3139 456 3181 more
478 3117 557 3180 furit
580 3116 747 3200 lymphata
769 3140 826 3200 per
849 3118 968 3182 urbem.

73 3234 121 3279 ceu
143 3215 303 3299 quondam
324 3218 412 3279 torto
436 3213 576 3278 volitans
600 3213 660 3277 sub
684 3214 814 3278 verbere
837 3215 943 3300 turbo,
1060 3257 1068 3266 -

73 3331 157 3393 quem
179 3313 270 3396 pueri
292 3332 408 3395 magno
432 3311 467 3374 in
489 3331 569 3395 gyro
592 3333 691 3375 vacua
714 3311 796 3376 atria
820 3313 938 3375 circum
989 3334 996 3388 j

72 3406 178 3474 intenti
201 3409 276 3472 ludo
301 3411 447 3472 exercent
470 3405 539 3494 (ille
563 3411 653 3472 actus
676 3407 802 3471 habena
1016 3425 1066 3472 eso

73 3507 202 3572 curvatis
224 3506 328 3570 fertur
351 3505 478 3590 spatiis3
503 3509 611 3590 stupet
634 3505 736 3570 inscia
760 3528 856 3590 supra
973 3571 976 3578 ,

803 3609 855 3662 17·
