2514 3966
186 225 251 289 346
517 223 665 280 vasam
682 225 813 280 AENEIS
830 227 855 280 X

187 386 244 450 olli
267 387 345 451 dura
369 387 458 471 quies
483 387 592 452 oculos
616 391 648 452 et
669 387 791 452 ferreus
815 391 908 472 urget
1147 402 1197 450 ιιι

187 505 329 568 somnus,
351 483 387 547 in
409 488 571 548 aeternam
594 483 786 548 clauduntur
808 484 931 549 lumina
953 487 1088 549 noctem.

231 578 383 646 Caedicus
406 579 601 646 Alcathoum
624 581 806 670 obtruncat,
829 580 979 646 Sacrator
995 581 1180 667 ¹Hydaspen

186 675 457 762 Partheniumque
480 676 571 762 Rapo
596 681 628 742 et
651 679 843 762 praedurum
865 679 989 742 viribus
1012 676 1124 763 Orsen,

186 773 353 860 Messapus
377 773 594 858 Croniumque
616 773 877 859 Lucaoniumque
899 774 1102 859 Erichaeten,

186 871 278 936 illurn
301 872 435 936 infrenis
458 871 532 955 equi
554 872 648 955 lapsu
671 871 785 936 tellure
808 871 973 958 iacentem,
1148 887 1198 934 ιιι)

185 967 270 1033 hunc
292 969 381 1052 pedit
383 991 439 1033 em.
485 969 580 1052 pedes
604 972 636 1032 et
658 967 775 1051 Lycius
799 972 999 1051 processerat
1021 967 1113 1054 Agis,

187 1087 280 1149 quern
303 1069 413 1130 tamen
433 1065 513 1129 haut
499 1069 648 1148 texpers
671 1063 809 1130 Valerus
832 1065 919 1129 virtu
898 1065 963 1130 utis
987 1066 1093 1130 avitae

186 1162 335 1246 deicit3a
336 1163 551 1227 tThronium
574 1161 680 1226 Salius
705 1159 896 1321 Saliumque
912 1159 1048 1227 Nealces

186 1213 320 1346 insidiis,
342 1260 502 1324 iaculot
470 1264 502 1324 et
524 1260 620 1344 longe
643 1258 773 1323 fallente
797 1259 925 1342 sagitta

229 1355 299 1421 Iam
321 1357 428 1442 gravis
452 1356 610 1441 aequabat
632 1356 699 1419 luct
685 1359 794 1420 tutse
815 1360 886 1419 mut
887 1379 928 1419 ιιι
872 1355 1082 1421 tMavors
1146 1373 1195 1421 ιιι

185 1453 310 1517 funera:
333 1452 505 1516 caedebant
527 1453 648 1536 pariter
670 1453 853 1536 pariterque
876 1453 1013 1518 ruebant

186 1549 323 1614 victores
346 1549 497 1636 victique,
518 1570 621 1633 neque
642 1548 694 1613 his
717 1550 795 1634 fuga
817 1553 896 1613 nota
917 1571 1021 1634 neque
1044 1551 1118 1616 illis.

186 1645 218 1709 di
240 1644 327 1710 Iovis
351 1646 502 1710 intectis
525 1646 607 1710 iram
630 1647 823 1710 miserantur
845 1647 973 1711 inanem

187 1742 354 1806 amborum
376 1746 408 1806 et
430 1747 541 1806 tantos
564 1743 756 1808 mortalibus
780 1765 849 1807 esse
872 1742 1012 1807 labores:

185 1840 261 1904 hinc
282 1837 402 1924 Venus,
423 1838 499 1904 hinc
522 1843 633 1904 contra
657 1843 779 1923 spectat
803 1837 953 1904 Saturnia
975 1838 1068 1926 Iunc,
1144 1859 1192 1908 too

186 1936 304 2020 pallida
327 1936 502 2020 Tisiphone
524 1937 627 2000 media
650 1937 699 2000 int
685 1941 734 2000 ter
756 1937 846 2000 milia
871 1938 980 2001 saevit.

187 2038 317 2098 atvero
340 2033 503 2118 ingentem
527 2037 604 2116 quat
605 2033 673 2096 iens
697 2032 874 2098 Mezentius
897 2034 1023 2098 hastam

150 2131 334 2195 turbidus
357 2129 537 2214 ingreditur
560 2151 679 2214 eampo
727 2151 822 2240 quam
844 2151 980 2215 magnus
1005 2129 1115 2218 Orion,

150 2171 154 2333 ,l
186 2249 258 2290 curn
280 2226 375 2310 pedes
398 2225 517 2290 incedit
539 2225 635 2288 medii
657 2249 714 2310 per
736 2229 875 2292 maxima
897 2227 994 2292 Nerei

187 2327 301 2408 stagna
323 2321 409 2386 viam
432 2321 587 2408 scindens,
609 2344 718 2386 umero
743 2325 956 2408 supereminet
942 2325 1080 2389 tundas
1144 2343 1190 2391 reo

150 2378 155 2507 l
186 2425 242 2484 aut
266 2419 399 2483 summis
422 2420 561 2482 referens
586 2441 739 2483 annosam
761 2427 853 2485 mont
839 2423 927 2486 itbus
952 2443 1066 2485 ornum

188 2517 428 2602 ingrediturque
451 2515 520 2580 solo
544 2519 577 2578 et
600 2520 696 2599 caput
718 2517 803 2582 inter
825 2519 937 2582 nubila
960 2519 1083 2583 condit:

185 2614 260 2677 talis
285 2634 319 2677 se
341 2613 442 2676 vastis
465 2612 562 2676 infert
584 2611 761 2678 Mezentius
785 2617 889 2679 armis.

185 2710 260 2774 huic
283 2714 395 2774 contra
417 2708 542 2773 Aeneas
567 2709 748 2793 speculatus
771 2711 807 2774 in
830 2712 956 2796 agmine
979 2712 1075 2798 longe

132 2865 135 2877 ,
187 2807 300 2870 obvius
324 2807 370 2870 ire
393 2811 493 2890 parat.
539 2810 647 2870 manet
669 2807 894 2889 inperterritus
917 2808 986 2894 ille,
1144 2827 1189 2876 ιιο

135 2919 140 2987 ι
186 2903 312 2968 hostem
333 2904 574 2988 magnanimum
597 2904 776 2988 opperiens,
800 2909 831 2968 et
854 2905 938 2970 mole
962 2927 1021 2970 sua
1045 2910 1126 2990 stat3

138 2996 140 3009 '
187 3003 282 3081 atque
306 3000 406 3064 oculis
430 3000 571 3083 spatium
594 3021 749 3085 emensus,
774 3006 930 3084 quantum
954 3003 1033 3068 satis
1057 3003 1176 3090 hastae,

186 3094 310 3160 ‘dextra
331 3096 412 3160 mihi
434 3095 511 3160 deus
536 3102 567 3160 et
589 3097 699 3182 telum,
723 3096 809 3180 quod
832 3097 953 3162 missile
975 3097 1072 3184 libro,

185 3213 269 3256 nuno
292 3192 411 3257 adsint!
434 3215 534 3257 voveo
557 3193 727 3276 praedonis
751 3215 884 3277 corpore
906 3196 1009 3278 raptis

185 3289 277 3353 indut
263 3292 333 3353 tum
356 3289 467 3372 spoliis
491 3289 635 3372 ipsumt
637 3311 662 3374 e,
621 3288 835 3374 Ltauset
821 3293 989 3373 tropaeum
1114 3309 1190 3358 -ιιι

186 3386 330 3452 Aeneae'
377 3386 457 3449 dixit
482 3387 616 3450 strident
602 3391 731 3471 temque
754 3388 878 3452 eminus
901 3388 976 3452 hast
962 3393 1030 3452 tam

184 3483 271 3566 iecit3
244 3486 328 3546 t
351 3482 407 3545 rlla
430 3483 541 3547 volans
565 3484 700 3567 clipeost
724 3507 856 3550 excussa
879 3485 1053 3570 proculque
