2552 3958
202 230 304 283 XXXII
512 229 559 283 DE
578 228 665 282 VITA
683 227 728 280 ΕΤ
747 226 904 282 SCRIPTIS

202 394 337 455 vacaret.
388 390 442 454 sed
470 412 542 454 cum
569 390 732 474 ingressus
761 388 823 452 iter
850 387 988 452 Athenis
1021 391 1212 454 occurrisset

203 487 352 571 Augusto
377 488 416 550 ab
441 487 563 550 oriente
586 485 723 550 Romam
745 485 918 548 revertenti
941 485 1212 570 destinassetque'

203 583 267 646 leni
300 583 452 666 principis
480 583 512 646 vi
543 585 686 666 coactus,
717 586 753 645 ut
782 582 909 666 opinor,
944 582 1025 647 ‘non
1056 584 1214 649 absistere

204 685 300 763 atque
327 680 424 743 etiam
451 702 515 744 una
542 679 659 764 redire,
693 678 768 742 dum
797 677 927 763 Megara
955 681 1097 744 vicinum
1126 683 1215 764 oppi-

204 778 281 840 dum
308 776 543 840 ferventissimo
573 776 640 840 sole
672 776 851 861 cognoscit,
882 777 1070 862 languorem
1099 785 1215 842 nactus

206 877 255 936 est
284 894 418 956 eumque
446 894 511 937 non
541 872 725 936 intermissa
751 872 958 957 navigatione
986 875 1076 938 auxit
1104 876 1152 938 ita
1180 881 1216 939 ut

206 970 334 1054 gravior
363 970 527 1054 aliquanto
555 968 763 1032 Brundisium
794 970 982 1056 appelleret,
1013 972 1071 1035 ubi
1102 972 1216 1037 diebus

206 1069 315 1150 paucis
349 1067 431 1132 obiii
458 1065 504 1130 XI
533 1065 604 1129 Kal.
628 1065 757 1130 Octobr.
782 1063 837 1131 On.
868 1064 978 1132 senile
1006 1067 1041 1144 Q.
1065 1069 1217 1134 Lucretio

207 1165 298 1228 coss’
321 1164 352 1227 h.
373 1186 397 1228 e.
422 1185 504 1227 armo
530 1161 695 1248 735sl91).

298 1258 394 1324 ‘Ossa
426 1260 494 1322 eius
526 1257 696 1341 Neapolim
729 1261 885 1324 translata
918 1265 993 1325 sunt
1025 1265 1218 1348 tumuloque

208 1358 349 1442 (teudila,
380 1356 450 1440 qui⁵
478 1360 546 1419 erat
575 1356 642 1418 ‘via
673 1355 849 1421 Puteolana
881 1357 967 1421 intra
998 1359 1139 1442 lapidem
1172 1384 1218 1425 se·
1271 1375 1272 1436 ζ

209 1455 346 1518 cundum
355 1453 400 1540 2).'
442 1452 586 1536 sepulcro
610 1453 678 1516 eius
701 1453 817 1517 titulus
839 1455 1014 1538 inscriptus
1038 1456 1218 1544 legebatur,

210 1573 305 1634 quem
327 1551 465 1614 moriens
489 1549 557 1632 ipse
581 1550 750 1613 dictavisse
772 1547 920 1636 fertum),
943 1549 1010 1614 hic:

285 1741 303 1810 1)
321 1740 426 1794 Donati
439 1759 465 1810 p.
479 1745 512 1792 62
523 1757 563 1808 sq.
578 1740 609 1794 R.
630 1740 715 1792 verba
730 1741 802 1794 sunt.
822 1741 990 1808 (destinasset
1004 1741 1117 1811 scripsi:
1137 1746 1217 1800 dasti-

210 1829 290 1878 uare,
313 1813 470 1878 destinaret,
493 1812 638 1865 distiuarat
658 1809 742 1879 libri.)
767 1811 917 1880 ‘Verpilius
939 1812 1079 1866 Brundisi
1101 1817 1219 1869 moritur

212 1884 302 1937 Seutio
325 1881 475 1936 Saturmuo
498 1889 523 1935 et
545 1882 674 1935 Decretis
694 1881 798 1935 Oimm’
820 1881 914 1950 (immo
933 1881 1106 1952 Vespillone)
1127 1885 1215 1940 ‘coss'

211 1953 395 2036 Hieronymus
419 1951 461 2006 Ol.
482 1957 541 2008 130.
559 1957 597 2034 3,,
633 1952 756 2046 ‘decessit
783 1952 815 2031 iu
843 1952 972 2032 Calabria
1001 1971 1107 2008 aunum
1136 1974 1218 2026 apem

211 2030 646 2148 tlsltttldltdsltt
665 2021 1030 2161 {filialitatis
1043 2031 1217 2164 Isidis?

212 2163 323 2219 Servius
341 2163 476 2217 librorum
494 2179 547 2216 reo.
567 2162 596 2215 in
614 2163 675 2217 vita
690 2164 699 2191 ‘
702 2165 786 2232 periit
805 2169 895 2218 autam
914 2164 1028 2218 Tarenti
1044 2167 1076 2218 iu
1095 2166 1217 2235 Apuliae

210 2238 331 2291 ciuitate:
357 2253 422 2288 uam
445 2236 510 2288 aum
532 2233 723 2302 Metapontum
750 2235 826 2302 cupit
847 2235 949 2302 uidere,
977 2236 1161 2290 valetudinem
1185 2256 1218 2292 ex

209 2309 275 2361 sotis
292 2307 389 2360 ardore
407 2305 562 2360 contraxit!
591 2305 624 2359 cf.
640 2303 766 2358 Thilonie
785 2303 859 2358 Serv.
875 2305 888 2357 I
905 2323 931 2375 p.
946 2312 963 2359 4
978 2306 1041 2360 adn.
1057 2309 1087 2360 et
1100 2307 1216 2361 Reiffer-
1270 2343 1271 2354 .

211 2375 329 2431 scheidii
347 2377 467 2444 quaesti.
487 2374 617 2429 Suetonn.
637 2380 696 2429 399.
732 2375 945 2445 propempticon
968 2375 1058 2430 amico
1081 2377 1217 2432 Horatius
1270 2395 1271 2426 1

211 2447 324 2515 scripsit
346 2449 375 2500 et
397 2446 427 2499 in
448 2445 569 2515 priorem
593 2446 746 2498 carminum
769 2445 897 2516 syllogen
920 2446 996 2514 (13)
1023 2447 1114 2502 denuo
1138 2467 1217 2503 cura-
1270 2457 1271 2532 ἰ

210 2522 270 2572 tam
292 2517 405 2586 recepit.
452 2515 511 2570 eius
536 2515 598 2570 loco
621 2516 651 2569 in
674 2518 805 2584 quartum
827 2517 930 2570 librum
953 2516 1072 2571 inseruit
1095 2522 1218 2574 veterem
1270 2545 1271 2596 y

211 2589 303 2642 iocum
322 2587 371 2654 (IV
387 2591 438 2655 12).

281 2657 396 2711 Futtilis
415 2655 594 2727 allegoristae
612 2655 706 2709 nescio
726 2656 803 2710 ouius
823 2657 899 2726 apud
916 2656 1043 2712 Servium
1062 2660 1091 2712 et
1106 2659 1138 2712 in
1151 2660 1216 2714 Ber-

210 2728 469 2852 nefsildsqduoque
484 2726 712 2851 schpliisheystm
730 2727 890 2865 Signdldlta
897 2727 1001 2852 {epupp
1020 2729 1217 2854 eeiAaplludere

212 2816 261 2853 ec.
383 2817 422 2852 s.
459 2815 513 2852 sorr
546 2815 608 2852 aar
631 2813 767 2851 rusanno
878 2816 895 2852 a
957 2815 1042 2852 eum
1087 2815 1208 2854 eiacum

211 2887 266 2938 quo
285 2803 479 2937 properaditdm
498 2817 589 2923 aleas
609 2867 756 2922 Caesarem
775 2869 854 2937 sequi
872 2868 977 2922 frustra
995 2869 1132 2924 voluisset
1150 2845 1217 2925 Ver3

211 2941 304 3009 gilius.
333 2955 416 3006 quem
435 2941 621 2994 detestantem
638 2938 714 2992 bella
733 2938 830 2994 civilia
847 2940 906 2993 tale
920 2957 1053 3008 umquam
1069 2941 1218 2996 consilium

211 3011 241 3064 in
261 3010 385 3064 animum
402 3009 545 3064 induxisse
565 3011 600 3064 ab
621 3009 696 3063 omni
715 3009 847 3064 abhorret
863 3011 1074 3081 probabilitate.

286 3081 306 3150 ²)
325 3080 430 3134 Donati
447 3100 474 3150 p.
490 3087 524 3134 63
542 3081 574 3135 R.
593 3081 680 3135 verba
699 3082 771 3133 eunt.
802 3084 873 3136 ‘ossa
891 3084 949 3136 eius
962 3082 1109 3151 Neapolim
1127 3090 1217 3138 maias-

212 3154 271 3206 lata
293 3153 325 3206 iu
351 3153 467 3206 secuudo
489 3153 523 3205 ab
546 3154 626 3206 urba'
654 3155 721 3219 (non
741 3152 852 3220 ‘Urbe’)
875 3152 1010 3207 ‘miliario
1033 3156 1215 3222 sepeliuntur’

211 3223 396 3291 Hieronymus
410 3222 428 3276 l.
443 3222 464 3282 l.
480 3222 564 3276 Probi
578 3222 664 3276 verba
681 3221 746 3274 vide
765 3221 846 3276 infra.

286 3293 306 3360 8)
327 3294 417 3346 ‘titulo
436 3294 590 3347 Istiusmodi
606 3293 804 3361 suprascripta,
828 3310 904 3362 quem
921 3295 1039 3348 moriame
1056 3295 1113 3362 ipse
1133 3296 1217 3349 dicta·

211 3364 302 3418 acrat'
318 3363 511 3431 Hieronymus.
533 3364 575 3417 ‘iu
588 3380 640 3434 quo
654 3363 788 3417 distichoa
801 3365 865 3428 feeit
879 3365 947 3419 taic'
959 3365 1085 3418 Donatus
1100 3383 1127 3434 p.
1137 3371 1170 3418 63
1185 3366 1217 3419 R.

214 3436 256 3489 ‘iu
278 3435 336 3489 eius
357 3437 490 3503 sepulcro,
513 3435 585 3504 quad
607 3441 645 3488 ast
667 3436 698 3487 iu
720 3435 766 3488 oid
785 3434 950 3501 Puteolana,
973 3437 1022 3490 icoc
1045 3437 1145 3505 lepitur
1163 3439 1218 3506 epi·
1269 3481 1270 3484 η

211 3505 349 3576 prumma’
371 3505 477 3558 Probus
496 3504 526 3557 in
544 3504 604 3557 vita
622 3510 675 3573 p.1
695 3503 727 3556 K.
1269 3527 1270 3540 π
