2612 3964
421 253 568 308 VERGILI
586 255 718 312 AENEIS
736 257 775 312 Ill
1039 263 1096 326 161

90 414 271 478 dissiluisse
294 415 416 500 ferunt,
439 437 511 479 cum
533 417 681 499 protinus
704 423 840 503 utraque
863 421 960 486 tellus

90 512 155 576 una
177 512 277 576 foret:
300 512 389 576 venit
411 512 514 576 medio
537 514 570 576 vi
593 518 712 597 pontus
736 519 768 578 et
791 517 884 580 undis

89 606 287 691 Hesperium
311 605 418 672 Siculo
441 609 526 673 latus
550 610 700 695 abscidit,
723 634 861 696 arvaque
885 618 918 679 ct
940 614 1036 680 urbes

89 705 186 768 litore
210 705 355 768 diductas
379 709 516 790 angusto
539 706 686 771 interluit
709 713 808 773 aestu.
914 735 916 742 ·

90 802 242 866 dextrum
265 801 372 885 Scylla
393 802 489 888 latus,
511 803 635 868 laevom
657 805 817 888 implacata
840 803 1019 890 Charybdis
1047 825 1099 873 420

91 900 234 984 obsidet,
256 903 352 983 atque
375 899 439 964 imo
464 899 608 964 barathri
631 905 680 964 ter
702 902 832 986 gurgite
854 907 963 967 vastos

92 995 202 1060 sorbet
224 996 260 1059 in
283 996 456 1080 abruptum
478 996 595 1060 fluctus
618 1019 794 1082 rursusque
817 999 877 1063 sub
901 1022 994 1064 auras

91 1094 188 1178 erigit
212 1094 353 1158 alternos
376 1098 408 1158 et
432 1093 534 1157 sidera
555 1094 703 1158 verberat
725 1095 817 1159 unda.

92 1195 124 1255 at
148 1189 290 1274 Scyllam
312 1192 412 1255 caecis
435 1191 564 1256 cohibet
587 1192 737 1274 spelunca
759 1192 892 1256 latebris

92 1311 147 1352 ora
170 1292 369 1352 exertantem
391 1291 423 1352 et
445 1288 536 1352 navis
559 1289 594 1352 in
617 1310 694 1352 saxa
716 1288 904 1354 trahentem.
1046 1308 1096 1357 425

91 1387 196 1471 prima
216 1385 358 1450 hominis
380 1386 477 1452 facies
500 1389 532 1450 et
554 1385 687 1468 pulchro
711 1389 838 1469 pectore
861 1388 953 1472 virgo

91 1484 175 1569 pube
198 1488 308 1568 tenus,
329 1488 492 1567 postrema
514 1481 646 1546 immani
669 1503 801 1564 corpore
823 1483 940 1568 pistrix

92 1580 279 1665 delphinum
299 1579 415 1643 caudas
438 1583 530 1643 utero
554 1579 723 1643 commissa
745 1580 902 1664 luporum.

92 1682 234 1763 praestat
257 1676 413 1740 Trinacrii
435 1679 537 1740 metas
560 1677 697 1741 lustrare
719 1677 861 1761 Pachyni

92 1779 268 1840 cessantem
289 1773 405 1857 longos
428 1777 461 1836 et
483 1773 728 1839 circumflectere
751 1797 876 1861 cursus,
1044 1795 1095 1843 430

93 1895 187 1957 quam
210 1871 309 1936 semel
330 1871 500 1936 informem
521 1874 613 1934 vasto
637 1871 755 1936 vidisse
778 1873 837 1936 sub
861 1878 953 1939 antro

93 1969 232 2053 Scyllam
255 1971 287 2032 et
309 1968 462 2032 caeruleis
484 1967 616 2032 canibus
639 1970 822 2034 resonantia
846 1993 930 2036 saxa.

91 2070 255 2151 praeterea
278 2066 370 2148 siqua
392 2069 442 2128 est
464 2064 587 2128 Heleno
610 2065 792 2151 prudentia,
814 2068 881 2130 vati

92 2165 185 2248 siqua
206 2163 300 2247 fides,
322 2163 463 2225 animum
486 2162 514 2225 si
536 2163 620 2226 reris
643 2163 756 2246 implet
778 2163 896 2247 Apollo
902 2217 911 2250 ,

90 2285 191 2327 unum
212 2260 294 2325 illud
315 2259 391 2344 tibi,
412 2262 487 2323 nate
510 2259 581 2344 dea,
602 2282 725 2344 proque
749 2261 896 2326 omnibus
920 2284 1019 2326 unum
1043 2281 1094 2330 434

90 2359 271 2444 praedicam
293 2361 325 2421 et
347 2361 494 2440 repetens
516 2356 697 2442 iterumque
719 2358 898 2443 iterumque
920 2360 1070 2425 monebo:

90 2458 224 2522 Iunonis
247 2476 381 2540 magnae
403 2454 543 2538 primum
565 2475 656 2537 prece
678 2477 796 2519 numen
819 2455 928 2542 adora,

89 2555 207 2620 Iunoni
230 2575 307 2618 eane
329 2555 406 2616 vota
427 2551 532 2615 libens
555 2551 778 2636 dominamque
800 2556 965 2635 potentem

90 2651 290 2736 supplicibus
313 2671 428 2732 supera
451 2649 557 2733 donis,
579 2648 625 2712 sic
648 2649 783 2733 denique
805 2650 924 2713 victor

90 2749 255 2814 Trinacria
277 2748 351 2811 finis
373 2745 474 2810 Italos
496 2746 624 2814 mittere
647 2747 766 2810 relicta.
1043 2765 1094 2815 440

88 2849 152 2912 hnc
174 2846 233 2910 ubi
255 2845 378 2908 delatus
402 2841 571 2926 Cymaeam
594 2845 762 2908 accesseris
785 2844 896 2908 urbem

89 2945 280 3026 divinosque
301 2941 389 3006 lacus
412 2945 445 3004 et
467 2940 595 3005 Averna
618 2941 766 3004 sonantia
789 2941 893 3028 silvis,

88 3044 236 3107 insanam
258 3041 364 3103 vatem
387 3038 534 3122 aspicies,
558 3059 638 3120 quae
660 3059 739 3120 rupe
763 3039 822 3102 sub
845 3039 909 3103 ima

87 3140 157 3203 fata
179 3137 265 3202 canit
287 3135 437 3218 foliisque
459 3138 553 3198 notas
577 3138 609 3197 et
630 3136 761 3200 nomina
783 3137 921 3200 mandat,

88 3255 306 3320 quaecumque
329 3233 363 3295 in
384 3231 472 3296 foliis
495 3231 663 3314 descripsit
686 3232 826 3296 carmina
848 3235 955 3318 virgo,
1042 3251 1092 3299 445

87 3331 206 3417 digerit
228 3331 263 3394 in
284 3351 452 3393 numerum
475 3333 571 3412 atque
594 3332 687 3392 antro
711 3330 833 3394 seclusa
855 3331 1021 3414 relinquit,

86 3429 145 3492 illa
167 3430 297 3492 manent
319 3427 453 3489 immota
475 3426 554 3489 locis
577 3447 680 3508 neque
703 3426 743 3490 ab
768 3427 877 3492 ordine
900 3427 1030 3509 cedunt3

87 3549 200 3590 rerum
222 3525 445 3588 eadem'rerso
469 3523 575 3586 tenuis
599 3544 671 3586 cum
694 3523 819 3588 cardine
841 3527 955 3587 ventus

140 3639 261 3689 nicanor,
274 3639 360 3688 Vergil.
900 3631 931 3679 11
