2612 3964
414 262 563 318 VERGILI
581 263 712 317 AENEIS
731 264 769 316 111
1034 265 1094 329 163

79 447 139 488 nec
161 425 270 488 minus
294 423 516 488 Andromache
539 425 685 509 digressu
708 430 831 490 maesta
854 449 1001 510 supremo

81 523 146 586 fert
167 522 348 605 picturatas
373 521 443 584 auri
467 522 668 607 subtegmine
691 527 797 587 vestes

82 623 115 682 61
137 618 316 704 Phrygiam
338 617 478 682 Ascanio
502 619 700 702 chlamydem
723 617 795 706 (nec
818 619 900 683 cedit
923 617 1060 708 honore)

81 717 318 801 textilibusque
342 720 453 780 onerat
477 716 579 800 donia,
602 738 637 780 ac
660 715 739 778 talia
762 715 862 778 fatur:
1043 731 1095 781 485

84 813 204 896 ‘accipe
227 817 260 876 et
277 813 365 896 haec,
386 835 539 876 manuum
556 813 619 876 tibi
638 835 719 897 quae
737 812 933 876 monimenta
951 833 1095 876 mearum

84 911 160 995 sint,
182 932 272 995 puer,
295 913 327 974 et
349 910 484 994 longum
502 908 744 974 Andromachae
767 913 926 973 testentur
945 930 1095 994 amorem,

83 1007 231 1091 coniugis
255 1005 439 1070 Hectoreae.
486 1028 562 1090 cape
584 1007 668 1070 dona
690 1010 832 1070 extrema
854 1009 993 1091 tuorum,

84 1127 102 1168 o
127 1105 208 1168 mihi
232 1104 301 1168 sola
323 1105 386 1168 mei
410 1126 505 1187 super
527 1102 736 1186 Astyanactis
759 1103 876 1188 imago,

85 1203 131 1266 sic
155 1201 275 1286 oculos,
298 1201 420 1265 sicilie
443 1223 566 1285 manus,
590 1202 636 1264 sic
659 1222 715 1264 ora
738 1200 875 1284 ferebat3
1043 1217 1096 1266 490

84 1304 117 1363 et
140 1320 226 1362 nunc
250 1299 375 1382 aequali
398 1303 504 1362 tecum
526 1298 714 1382 pubesceret
738 1298 835 1362 aevo?

83 1397 145 1460 hos
168 1416 230 1480 ego
253 1395 433 1480 digrediens
457 1395 598 1459 lacrimis
623 1395 753 1458 adfabar
776 1395 914 1459 obortis:

85 1492 197 1556 ‘vivite
218 1491 336 1576 felices,
359 1491 476 1575 quibus
500 1495 549 1556 est
572 1492 703 1556 fortuna
727 1496 856 1575 peracta

85 1591 150 1652 iam
173 1611 245 1673 sua3
267 1611 327 1652 nos
352 1589 414 1652 alia
437 1611 475 1652 ex
499 1589 570 1652 aliis
594 1588 629 1652 in
651 1589 718 1652 fata
741 1611 900 1652 vocamur.

85 1685 179 1750 vobis
202 1688 296 1768 parta
319 1685 419 1769 quies,
441 1685 567 1748 nullum
589 1686 687 1750 maris
711 1707 829 1768 aequor
852 1687 1015 1772 arandum,
1043 1703 1095 1752 495

86 1805 163 1846 arva
183 1803 287 1866 neque
310 1780 473 1845 Ausoniae
497 1803 621 1866 semper
645 1783 788 1846 cedentia
811 1788 897 1848 retro

86 1879 274 1963 quaerenda.
320 1879 460 1963 effigiem
481 1877 604 1942 Xanthi
627 1878 820 1963 Troiamque
842 1879 967 1965 videtis,

87 1999 181 2060 quam
205 1979 331 2039 vestrae
354 1976 455 2040 fecere
477 1999 592 2040 manus
616 1975 813 2061 melioribus
837 1981 924 2062 opt0,

87 2071 238 2156 auspiciis
262 2075 294 2136 et
318 2094 399 2156 quae
421 2071 544 2136 fuerint
567 2073 673 2137 minus
698 2073 793 2137 obvia
816 2070 918 2137 Grais.

87 2169 243 2253 siquando
267 2168 424 2252 Thybrim
445 2170 613 2252 vicinaque
636 2169 808 2253 Thybridis
833 2193 907 2234 arva
1045 2187 1096 2236 500

87 2269 210 2330 intraro
235 2267 386 2350 gentique
409 2289 497 2330 meae
520 2267 596 2330 data
618 2266 744 2330 moenia
767 2288 902 2350 cernam,

87 2366 240 2448 cognatas
264 2362 359 2426 urbes
384 2362 461 2426 olim
483 2363 685 2447 populosque
707 2363 905 2446 propinquos

86 2462 188 2544 Epiro
212 2459 378 2544 Hesperia,
401 2459 518 2542 quibus
542 2459 627 2523 idem
650 2459 819 2524 Dardanus
843 2465 953 2524 auctor

86 2563 184 2641 atque
206 2555 291 2620 idem
314 2577 415 2640 casus,
437 2578 535 2619 unam
557 2557 708 2620 faciemus
732 2561 902 2640 utramque

86 2655 217 2718 Troiam
240 2653 368 2736 animis3
390 2657 517 2716 maneat
539 2658 669 2718 nostros
693 2677 729 2718 ea
752 2676 828 2718 cura
849 2655 1003 2737 nepotes?
1044 2673 1096 2722 505

128 2750 342 2815 Provehimur
364 2749 478 2834 pelago
502 2751 606 2814 vicina
630 2749 786 2814 Ceraunia
809 2751 909 2837 iuxta,

86 2849 169 2913 unde
192 2848 256 2911 iter
278 2847 406 2910 Italiam
429 2869 603 2931 cursusque
627 2847 835 2912 brevissimus
858 2849 961 2913 undis.

86 2947 136 3010 sol
158 2945 227 3008 ruit
249 2945 371 3024 interea
394 2948 426 3008 et
449 2948 575 3008 montes
599 2945 791 3008 umbrantur
816 2945 914 3027 opaci.

86 3041 262 3106 sternimur
285 3043 414 3123 optatae
437 3039 558 3125 gremio
582 3040 707 3104 telluris
733 3041 772 3104 ad
795 3041 912 3105 undam

86 3137 197 3202 sortiti
219 3159 334 3222 remos,
356 3137 539 3220 passimque
562 3136 597 3199 in
618 3137 714 3200 l'tore
739 3137 821 3200 sicco
1046 3156 1098 3205 510

85 3257 222 3320 corpora
245 3256 406 3298 curamus:
430 3234 532 3297 fessos
557 3255 654 3316 sopor
676 3234 797 3318 inrigat
822 3237 919 3298 artus

83 3333 221 3396 necdum
245 3329 356 3394 orbem
378 3329 517 3393 medium
540 3327 614 3393 Nox
638 3329 736 3394 Horis
761 3335 832 3395 acta
855 3331 998 3395 subibat:

83 3431 165 3494 haut
189 3427 298 3512 segnis
323 3430 425 3489 strato
451 3426 554 3511 surgit
577 3425 748 3492 Palinurus
773 3433 804 3492 et
828 3429 931 3492 omnis
992 3417 994 3420 ⁵

83 3527 234 3611 explorat
257 3527 372 3588 ventos
396 3526 492 3607 atque
516 3523 647 3587 auribus
672 3529 744 3588 aera
768 3528 888 3609 captat3

887 3627 940 3679 11*
