2576 3970
215 220 279 284 190
536 219 685 274 VERGILI
702 220 834 274 AENEIS
852 220 904 274 1111

214 381 348 465 aecipite
369 381 448 444 haec
470 381 685 464 meritumque
707 381 800 445 malis
825 381 981 446 advertite
1003 403 1122 445 numen

214 481 246 543 et
268 480 397 542 nostras
421 478 529 541 audite
550 499 668 562 preces.
715 478 744 542 si
765 482 899 564 tangere
920 482 1034 562 portus

212 574 380 639 infandum
403 578 500 658 caput
523 595 559 640 ac
581 575 677 638 terris
701 575 817 640 adnare
839 579 999 640 necessest

214 676 246 736 et
269 672 315 736 sic
337 671 405 735 fata
427 669 514 735 Iovis
537 675 684 757 poscunt,
705 672 759 737 hic
780 673 937 737 terminus
959 672 1083 736 haeret:

214 772 248 832 at
270 768 356 833 bello
380 767 508 832 audacis
530 769 644 852 populi
666 773 807 834 vexatus
825 773 857 834 et
880 769 987 854 armis
1179 787 1235 834 615

213 864 333 930 finibus
357 865 504 950 extorris,
527 865 696 948 complexu
718 867 848 931 avolsus
870 865 934 930 Iuli

215 961 371 1026 auxilium
392 961 544 1044 imploret
567 962 736 1046 videatque
758 963 892 1048 indigna
915 985 1047 1027 suorum

191 1059 428 1145 .f1mera‚nec,
451 1079 524 1123 cum
546 1081 581 1123 se
604 1059 664 1123 sub
688 1060 775 1144 leges
798 1060 886 1144 pacis
909 1059 1038 1143 iniquae

214 1155 382 1220 tradiderit
367 1159 512 1241 t‚regno
536 1159 593 1220 aut
616 1159 728 1240 optata
709 1157 819 1222 alueo
841 1157 978 1243 fruatur

215 1253 271 1318 sed
293 1253 385 1317 cadat
410 1258 484 1317 ante
451 1254 591 1318 tediem
613 1253 779 1338 mediaque
802 1253 988 1318 inhumatus
1012 1253 1141 1318 harena.
1178 1272 1232 1320 620

213 1349 292 1415 haec
305 1371 427 1437 precor,
445 1350 529 1414 hanc
541 1370 652 1415 vocem
670 1354 844 1414 extremam
858 1371 931 1414 cum
945 1350 1103 1434 sanguine
1116 1350 1231 1416 fundo.

215 1453 286 1511 tum
308 1469 376 1534 vos,
399 1469 418 1514 0
441 1447 541 1533 Tyrii,
564 1447 698 1531 stirpem
720 1451 753 1511 et
776 1468 878 1532 genus
902 1468 995 1511 omne
1016 1447 1169 1510 futurum

215 1548 358 1609 exercete
381 1544 463 1609 odiis
487 1544 648 1628 cinerique
670 1543 749 1609 haec
771 1544 893 1608 mittite
914 1548 1028 1609 nostro

214 1663 358 1706 munera:
381 1641 491 1706 nullus
515 1663 605 1706 amor
627 1641 756 1725 populis
779 1662 838 1705 nec
859 1639 987 1705 foedera
1010 1643 1118 1705 sunto.

215 1737 360 1801 exoriare
383 1737 500 1821 aliquis
523 1737 645 1801 nostris
669 1758 707 1801 ex
731 1734 860 1800 ossibus
882 1735 980 1822 ultor,
1177 1753 1231 1803 625

216 1835 272 1918 qui
294 1834 362 1898 face
384 1833 564 1898 Dardanios
587 1834 736 1917 ferroque
760 1855 893 1917 sequare
915 1833 1056 1919 colonos,

214 1952 310 2017 nunc,
333 1931 420 2017 olim,
443 1953 644 2016 quocumque
667 1930 791 1994 dabunt
814 1952 848 1995 se
870 1934 1014 2014 tempore
1036 1930 1131 1995 vires.

215 2029 314 2093 litora
335 2029 488 2094 litoribus
512 2029 682 2114 contraria,
704 2027 782 2091 fluct
784 2028 857 2092 ibus
880 2028 982 2091 undas

215 2127 382 2214 imprecor,
404 2149 492 2191 arma
515 2126 625 2190 armis:
648 2080 825 2210 phgnent'
816 2125 942 2210 rpsique
964 2127 1188 2236 nepotesque?

260 2221 348 2287 Haec
371 2223 427 2308 ait,
449 2227 482 2287 et
503 2222 606 2307 partis
630 2223 774 2286 animum
795 2221 977 2288 versabat
966 2244 1003 2286 ιιι
1024 2221 1142 2308 omnis,
1177 2239 1232 2289 630

215 2320 351 2385 invisam
376 2342 531 2404 quaerens
556 2319 814 2403 quamprimum
837 2319 1027 2403 abrumpere
1049 2276 1165 2384 lucerir
1285 2379 1286 2384 ,

214 2423 286 2482 tum
308 2417 450 2482 breviter
472 2416 596 2482 Barcen
616 2417 775 2481 nutricem
798 2417 885 2481 adfat
871 2420 906 2480 ta
929 2413 1075 2500 Sychaei,

215 2511 368 2602 (namque
392 2535 483 2578 suam
505 2513 611 2597 patria
634 2514 768 2598 antiqua
790 2514 870 2578 cinis
894 2517 963 2578 ater
985 2511 1161 2600 habebat):

216 2610 365 2697 ‘Annum
387 2631 461 2675 cars
482 2609 563 2674 mihi
584 2610 705 2696 nutrix,
726 2610 790 2674 huc
812 2610 892 2674 siste
915 2631 1065 2676 sororem.

216 2709 266 2772 dic
288 2730 404 2792 corpus
427 2710 578 2792 properet
601 2706 724 2771 fluviali
747 2727 897 2792 spargere
919 2706 1051 2792 lympha
1179 2724 1233 2772 635

215 2810 248 2870 et
270 2805 406 2889 pecudes
429 2825 537 2869 secum
560 2807 592 2868 et
614 2807 795 2868 monstrata
817 2805 944 2887 piacula
965 2805 1067 2868 ducat.

216 2902 262 2967 sic
284 2902 402 2987 veniat,
424 2905 525 2985 tuque
547 2901 619 2984 ipsa
640 2901 695 2984 pia
716 2904 790 2986 tege
813 2906 959 2986 tempora
981 2902 1072 2966 vitta.

216 3021 305 3064 sacra
326 2998 398 3063 Iovi
422 2995 548 3084 Stygio,
570 3019 651 3082 quac
673 2997 735 3062 rite
757 2998 885 3083 incepta
906 2999 1026 3084 paravi,

215 3095 398 3179 perficerest
421 3095 546 3160 animus
569 3095 729 3178 finemque
751 3095 916 3180 imponere
939 3097 1023 3161 curis

215 3192 432 3276 Dardaniique
455 3213 571 3277 rogum
594 3192 708 3275 capitis
732 3193 918 3276 permittere
941 3193 1108 3258 flammae?
1180 3213 1233 3260 646

216 3290 262 3354 sic
285 3289 340 3354 ait.
385 3289 442 3352 ina
464 3289 599 3374 gradum
622 3289 729 3353 studio
753 3290 935 3356 celebrabat
959 3290 1044 3354 anili.

216 3391 250 3451 at
271 3385 397 3470 trepida
420 3390 452 3450 et
475 3387 598 3470 coeptis
620 3386 814 3450 immanibus
839 3387 934 3451 effera
956 3385 1051 3473 Dido,

216 3484 425 3569 sanguineam
447 3483 578 3548 volvens
603 3483 702 3548 aciem
723 3483 921 3568 maculisque
943 3485 1111 3548 trementis

388 3852 690 3932 n...-
