2530 3960
407 235 656 292 CATALEPTON.

25 503 156 567 Scilicet
178 503 239 566 hoc
263 503 332 567 sine
354 504 474 588 fraude,
497 502 576 567 Vari
600 505 791 590 dulcissime,
814 504 932 568 dicam:

70 600 257 685 dispeream,
279 600 343 662 nisi
366 622 416 663 me
439 601 579 683 perdidit
603 602 665 665 iste
688 607 796 686 putus.

25 697 77 759 sin
101 701 209 760 autem
231 701 401 779 praecepta
424 699 535 760 vetant
558 719 610 760 me
634 697 746 782 dicere,
770 721 845 762 sane

68 814 138 857 non
160 792 271 876 dicam,
294 792 349 856 sed
371 814 422 855 me
445 793 587 875 perdidit
610 795 672 858 iste
695 817 782 878 puer,

24 1075 159 1159 Villula,
182 1097 263 1157 quae
287 1072 412 1139 Sironis
436 1097 516 1162 erae,
539 1080 571 1140 et
593 1097 715 1159 pauper
739 1076 852 1160 agelle,

69 1195 183 1236 verum
205 1171 254 1234 illi
277 1172 406 1236 domino
431 1177 468 1236 tu
494 1195 623 1257 quoque
647 1173 787 1257 divitiae,

25 1292 76 1332 me
99 1268 163 1332 tibi
186 1267 300 1332 ethos
324 1291 388 1332 una
411 1293 544 1355 mecum,
567 1291 651 1354 quos
676 1291 800 1352 semper
823 1270 936 1354 emavi,

70 1365 179 1448 siquid
202 1365 240 1428 de
262 1366 367 1448 patria
390 1365 518 1432 tristius
543 1366 684 1451 audiere,

27 1463 224 1547 commendo,
246 1461 281 1525 in
303 1462 480 1546 primisque
503 1466 637 1546 petrem.
662 1467 698 1525 tu
721 1483 807 1526 nuno
829 1462 892 1525 eris
915 1462 964 1526 illi
1026 1479 1041 1526 1

70 1559 208 1624 Mantua
231 1559 317 1641 quod
340 1559 446 1623 fuerat
470 1559 621 1642 quodque
645 1557 802 1622 Cremona
825 1560 922 1642 prius.

462 1734 508 1799 m
527 1733 613 1822 (xi).
723 1734 725 1738 ·

27 1841 133 1906 Pauca
155 1839 246 1925 mihi,
267 1841 362 1904 niveo
388 1842 442 1905 sed
467 1864 534 1905 non
557 1841 721 1925 incognita
744 1841 885 1928 Phoebe,

70 1960 175 2024 pauca
197 1938 277 2002 mihi
301 1938 413 2002 doctae
437 1939 533 2002 dicite
556 1937 735 2022 Pegasides.

28 2039 132 2102 victor
156 2034 255 2120 adest,
277 2036 387 2120 magni
410 2056 563 2120 magnum
586 2036 680 2099 decus
705 2056 774 2098 ecce
798 2035 965 2122 triumphi,

70 2135 177 2198 victor
200 2153 263 2215 qua
286 2137 373 2196 terra
397 2154 525 2216 quaque
548 2135 660 2215 patent
683 2132 794 2216 maria,

28 2231 159 2296 horrida
182 2229 366 2293 barbaricae
389 2234 525 2312 portans
550 2228 690 2312 insignia
713 2249 850 2313 pugnae,
1028 2247 1044 2292 5

69 2348 209 2412 magnus
231 2330 269 2390 ut
292 2325 426 2390 Oenides
451 2331 554 2410 utque
579 2325 736 2408 superbus
760 2325 859 2409 Eryx,

28 2449 84 2490 nec
107 2425 215 2488 minus
238 2423 355 2487 idcirco
380 2428 508 2487 vestros
534 2443 719 2505 expromere
742 2426 854 2485 cantus

71 2521 233 2586 maximus
256 2524 289 2583 et
312 2524 443 2584 sanctos
470 2520 586 2604 dignus
610 2519 691 2582 inire
711 2519 833 2583 choros

28 2619 89 2683 hoc
112 2619 223 2701 itaque
244 2617 380 2680 insuetis
403 2615 505 2680 iactor
530 2617 644 2703 magis,
669 2615 800 2699 optime,
823 2617 918 2700 euris,

72 2715 152 2800 quid
175 2714 212 2778 de
234 2716 267 2777 te
290 2713 413 2796 possim
438 2713 577 2777 scribere
602 2712 718 2796 quidve
741 2711 811 2775 tibi.
1014 2712 1046 2776 10

28 2833 167 2896 namque
191 2808 331 2898 (fatebor
354 2807 452 2896 enim)
478 2832 561 2893 quae
584 2809 722 2872 maxima
746 2809 928 2872 deterrendi

72 2909 194 2992 debuit,
216 2907 366 2972 hortandi
390 2907 529 2972 maxima
553 2928 651 2970 causa
674 2907 743 2970 fuit.

30 3029 130 3090 pauca
153 3009 210 3068 tua
232 3005 267 3067 in
289 3009 419 3068 nostres
443 3007 600 3067 venerunt
624 3003 764 3068 carmina
787 3004 924 3087 chartae,

72 3102 215 3168 carmina
239 3123 311 3165 eum
332 3101 455 3187 lingua,
477 3104 548 3164 tum
573 3099 641 3164 sale
666 3098 830 3185 Cecropi0,

31 3199 179 3283 carmina,
202 3219 283 3281 quae
306 3196 444 3283 Pylium,
468 3197 581 3262 saeclis
605 3200 734 3279 accepta
757 3197 887 3281 futuriS,
1017 3215 1046 3260 15

72 3297 223 3381 carmina,
246 3316 326 3378 quae
351 3294 483 3378 Pylium
506 3295 631 3358 vincere
654 3293 751 3377 digna
775 3314 891 3357 senem.

31 3395 170 3458 molliter
192 3392 244 3455 hic
268 3391 363 3454 viridi
386 3392 518 3474 patulae
543 3390 602 3455 sub
627 3391 768 3475 tegmine
793 3411 927 3473 quercus

74 3489 195 3555 Moeris
219 3493 366 3572 pastores
390 3493 422 3552 et
445 3488 624 3553 Meliboeus
649 3492 749 3572 erant,
