2576 3970
196 264 262 328 234
508 261 656 317 Veneror
675 261 806 315 AENEIS
826 261 864 314 Vl

196 426 323 489 errabat
347 426 427 489 silva
449 426 484 487 in
507 417 650 509 magna?
678 446 774 507 quam
797 423 913 486 Troius
935 421 1032 486 heros

196 525 233 585 11
255 523 395 606 primum
417 522 509 584 iuxta
532 521 624 584 stetit
647 520 863 605 adgnovitque
886 541 942 603 per
965 519 1095 583 umbras

197 619 373 706 obscuram,
397 619 523 703 qualem
546 619 649 702 primo
673 617 729 700 qui
752 637 883 702 surgere
904 637 1012 678 mense

197 721 252 780 aut
275 718 361 780 videt
384 720 440 780 aut
463 716 580 779 vidisse
603 715 698 797 putat
720 735 777 796 per
798 713 911 777 nubila
933 713 1053 798 lunam,

196 814 323 878 demisit
345 814 494 877 lacrimas
518 811 665 894 dulcique
690 810 815 874 adfatus
840 813 992 874 amorest:
1149 825 1193 872 455

197 910 320 974 ‘infelix
342 908 436 995 Dido,
459 931 554 972 verus
577 907 658 972 mihi
679 907 813 970 nuntius
838 927 914 991 ergo

196 1011 325 1070 venerat
349 1007 523 1071 extinctam
545 1006 694 1088 ferroque
718 1007 859 1067 extrema
883 1002 1046 1067 secutam?

196 1102 319 1167 funeris
341 1103 405 1168 heu
427 1103 489 1165 tibi
513 1123 608 1165 causa
629 1101 699 1164 fui?
722 1123 780 1185 per
803 1101 907 1164 sidera
927 1101 1010 1186 iuro,

196 1219 252 1282 per
275 1222 408 1284 superos
432 1204 464 1264 et
488 1199 580 1282 siqua
602 1199 680 1262 fides
704 1199 819 1263 tellure
842 1198 903 1263 sub
926 1199 991 1262 ima
1014 1203 1074 1284 est,

196 1296 327 1383 invitus,
349 1297 469 1382 regina,
492 1300 549 1360 tuo
573 1296 610 1360 de
633 1295 728 1360 litore
751 1296 840 1360 cessi.
1152 1313 1198 1360 411

197 1393 252 1456 sed
273 1415 323 1456 me
346 1393 434 1456 iussa
457 1393 559 1478 deum,
582 1414 663 1475 quae
685 1413 770 1456 nunc
792 1393 850 1456 has
869 1393 916 1456 ire
935 1415 993 1476 per
1014 1393 1154 1477 umbrae,

196 1511 253 1573 per
274 1491 345 1554 loca
368 1494 459 1554 senta
482 1491 548 1554 situ
571 1493 690 1574 cogunt
711 1493 901 1573 noctemque
924 1490 1127 1575 profundam,

196 1588 338 1671 imperiis
362 1607 453 1672 egere
477 1587 556 1671 suis3
579 1608 637 1650 nec
660 1587 785 1650 credere
808 1587 897 1670 quivi

196 1683 280 1748 hunc
302 1687 430 1748 tantum
452 1684 514 1748 tibi
537 1705 587 1748 me
610 1684 750 1748 discessu
773 1684 855 1746 ferre
879 1684 1030 1748 dolorem.

198 1781 275 1845 siste
297 1781 431 1867 gradum
454 1786 549 1864 teque
573 1785 704 1864 aspectu
726 1801 766 1843 ne
791 1779 944 1844 subtrahe
965 1784 1089 1845 nostro.
1152 1797 1199 1844 411

198 1899 291 1960 quem
309 1878 417 1962 fugis?
437 1883 614 1942 extremum
632 1879 700 1941 fato
720 1877 806 1960 quod
825 1881 857 1940 te
872 1877 1037 1963 adloquor,
1055 1877 1118 1942 hoc
1136 1877 1199 1940 est’

196 1974 316 2038 talibus
339 1974 463 2039 Aeneas
487 1975 650 2060 ardentem
673 1979 705 2038 et
728 1979 821 2038 torva
843 1977 988 2038 tuentem

196 2072 318 2136 lenibat
341 2073 434 2136 dictis
458 2073 600 2136 animum
622 2072 833 2154 lacrimasque
856 2071 968 2135 ciebat.

197 2169 253 2233 illa
276 2169 344 2233 solo
367 2170 449 2233 fixos
474 2169 582 2234 oculos
606 2190 717 2232 averse
739 2169 879 2253 tenebat,

196 2287 254 2331 nec
275 2266 378 2350 magis
400 2266 527 2348 incepto
551 2266 675 2329 voltum
699 2287 843 2330 sermone
865 2269 1022 2350 movetur,
1153 2283 1201 2330 411

197 2385 293 2446 quam
316 2363 344 2426 si
367 2363 446 2426 dura
469 2363 549 2426 silex
573 2366 628 2425 aut
652 2365 716 2426 stet
739 2362 899 2446 Marpesia
922 2367 1039 2427 cautes.

197 2461 325 2524 tandem
347 2459 503 2542 corripuit
526 2481 595 2524 sese
618 2463 714 2542 atque
736 2459 865 2524 inimica
888 2460 1007 2544 refugit

196 2558 232 2620 in
252 2578 365 2621 nemus
388 2556 608 2642 umbriferum,
631 2557 770 2621 coniunx
793 2557 850 2620 ubi
872 2557 1030 2640 pristinus
1054 2557 1104 2621 illi

196 2655 367 2738 respondet
390 2653 475 2717 curis
499 2658 679 2738 aequatque
702 2653 863 2738 Sychaeus
887 2673 1035 2719 amorem.

196 2773 255 2816 nee
276 2751 382 2815 minus
406 2749 540 2836 Aeneas,
563 2772 638 2815 1111
661 2773 834 2816 concussus
857 2751 979 2838 iniquo,
1154 2771 1203 2818 411

197 2849 403 2932 prosequitur
425 2847 566 2911 lacrimis
588 2848 685 2933 longe
708 2852 739 2912 11
762 2849 934 2913 miseretur
957 2853 1094 2915 euntem.

240 2943 317 3008 Inde
341 2945 450 3008 datum
473 2945 606 3008 molitur
628 2946 698 3009 iter.
744 2946 871 3030 iamque
895 2968 971 3010 arva
993 2947 1148 3011 tenebant

196 3040 320 3126 ultima,
343 3061 424 3123 quae
447 3039 532 3104 bello
556 3041 633 3104 clari
657 3045 777 3105 secreta
799 3043 1032 3126 frequentant.¹

195 3136 249 3201 hic
270 3137 320 3201 illi
344 3137 481 3200 occurrit
505 3137 641 3222 Tydeus,
663 3137 716 3200 hic
738 3137 879 3203 inclutus
903 3140 1000 3204 armis

196 3232 456 3316 Parthenopaeus
480 3236 512 3296 et
535 3232 667 3296 Adrasti
689 3235 841 3317 pallentis
864 3237 982 3324 imago,
1154 3258 1206 3306 480

196 3331 249 3396 hic
270 3331 409 3396 multum
431 3329 500 3394 fleti
523 3331 563 3395 ad
586 3353 719 3415 superos
743 3333 892 3419 belloque
916 3335 1025 3400 caduci

196 3427 406 3514 Dardanidae,
430 3449 511 3512 quos
533 3429 588 3493 ille
612 3430 715 3494 omnis
738 3431 836 3518 longo
861 3433 971 3498 ordine
994 3455 1126 3500 cernens

196 3526 362 3613 ingemuit,
386 3523 605 3610 Glaucumque
628 3526 841 3613 Medontaque
865 3530 1184 3619 Thersilochumque,

807 3671 823 3718 1-
860 3709 880 3729 .·
920 3670 1163 3746 11111

867 3903 873 3943 t
891 3939 895 3943 .
938 3919 997 3944 ...a
1010 3913 1027 3942 a
1053 3907 1146 3942 111111
1155 3893 1244 3940 meai
