2576 3970
171 234 236 297 206
503 231 651 286 VERGILI
667 229 799 284 AENEIS
817 230 842 282 V

172 395 248 458 dum
270 394 383 458 melior
405 395 483 458 viris
507 393 638 478 sanguis
662 391 758 455 dabat
781 391 905 454 aemula
927 391 1061 454 necdum
1130 406 1185 454 415

171 491 372 572 temporibus
396 491 531 576 geminis
556 489 689 554 canebat
713 511 823 571 sparsa
846 492 1000 552 senectus.

172 587 227 650 sed
251 587 278 650 si
300 591 413 651 nostra
435 586 536 652 Dares
558 588 636 650 haec
659 585 775 649 Troius
799 607 886 649 arma
908 589 1034 648 recusat

171 683 267 766 idque
290 684 344 766 pio
368 685 456 748 sedet
478 682 613 768 Aeneae,
636 683 752 766 probat
776 686 886 746 auctor
908 681 1050 766 Acestes,

172 801 343 862 aequemus
366 801 499 864 pugnas.
545 779 659 862 Erycis
682 780 744 843 tibi
766 784 857 863 terga
879 779 1009 843 remitto

172 871 276 961 (solve
298 873 428 960 metus),
450 878 483 938 et
505 878 542 938 tu
565 874 721 940 Troianos
745 897 824 940 exue
847 877 991 940 caestus?
1128 891 1184 940 420

171 969 249 1034 haec
270 971 357 1034 fatus
380 971 537 1053 duplicem
560 993 598 1034 ex
622 973 740 1036 umeris
763 973 873 1038 reiecit
896 973 1047 1037 amictum

172 1071 204 1130 et
226 1089 360 1152 magnos
383 1069 599 1131 membrorum
622 1074 721 1154 artua,
743 1091 860 1154 magna
883 1091 956 1134 ossa
977 1069 1183 1153 lacertosque
1284 1127 1285 1132 ,

172 1165 260 1228 exuit
283 1169 380 1248 atque
402 1165 515 1248 ingens
538 1165 642 1229 media
665 1167 814 1231 consistit
835 1166 962 1230 harena.

170 1265 241 1324 tum
264 1265 353 1325 satus
376 1260 518 1325 Anchisa
540 1266 666 1327 caestus
688 1268 781 1347 pater
804 1263 920 1326 extulit
943 1283 1073 1349 aequos,

171 1362 204 1421 ct
226 1358 358 1441 paribus
382 1359 504 1441 palmas
528 1359 694 1423 amborum
716 1360 864 1424 innexuit
887 1360 992 1423 armis,
1127 1376 1182 1424 425

171 1458 319 1522 constitit
341 1458 376 1521 in
398 1459 517 1542 digitos
541 1458 700 1540 extemplo
724 1461 865 1522 arrectus
889 1461 1023 1540 uterquc

171 1555 381 1638 bracchiaque
404 1556 444 1618 ad
467 1577 597 1638 superas
620 1554 787 1618 interritus
810 1553 927 1617 extulit
951 1573 1053 1616 auras.

172 1652 330 1715 abduxere
352 1655 439 1716 retro
463 1653 558 1735 longe
581 1652 685 1734 capita
709 1651 807 1714 ardua
829 1651 869 1715 ab
892 1650 960 1714 ictu

170 1749 413 1832 immiscentque
435 1771 549 1813 manus
571 1748 720 1811 manibus
743 1767 947 1831 pugnamque
969 1745 1143 1834 lacessunt,

171 1845 225 1908 ille
249 1844 366 1927 pedum
388 1845 501 1908 melior
523 1848 614 1908 motu
637 1845 802 1927 fretusque
824 1843 965 1929 iuventa,
1127 1863 1181 1911 430

170 1941 223 2005 hic
245 1940 397 2004 membris
422 1945 454 2004 et
475 1940 559 2004 mole
581 1941 700 2027 valens,
724 1941 778 2004 sed
799 1941 891 2004 tarda
913 1942 1064 2004 trementi

97 2064 131 2099 ฮฝ
171 2059 275 2122 genua
297 2037 418 2123 labant,
439 2041 549 2101 vastos
572 2039 678 2120 quatit
702 2058 795 2123 aeger
818 2037 979 2101 anhelitus
1003 2043 1102 2102 artus.

135 2136 141 2168 ยน
171 2135 273 2199 multa
296 2135 358 2200 viri
379 2135 574 2218 nequiquam
596 2135 681 2198 inter
705 2157 738 2199 se
761 2134 892 2198 volnera
914 2135 1045 2220 iactant,

171 2234 273 2297 multa
296 2254 372 2296 cavo
395 2232 490 2295 lateri
512 2232 711 2315 ingeminant
734 2235 767 2295 et
789 2236 917 2314 pectore
938 2235 1048 2296 vastos

171 2331 248 2394 dant
271 2330 406 2415 sonitus,
429 2333 577 2413 erratque
600 2328 686 2392 auris
710 2332 742 2392 ct
764 2331 910 2411 tempora
933 2329 1051 2392 circum
1127 2347 1179 2395 435

171 2427 281 2492 crebra
303 2448 428 2510 manus,
450 2425 529 2489 duro
552 2425 711 2508 crepitant
734 2425 794 2489 sub
817 2425 946 2490 volnere
968 2425 1079 2489 malae.

171 2529 236 2588 stat
260 2524 367 2608 gravis
390 2523 538 2586 Entellus
561 2521 698 2604 nisuque
721 2521 872 2586 immotus
897 2522 1016 2607 eodem,

170 2643 303 2704 corpore
325 2620 390 2684 tela
412 2620 507 2683 modo
531 2623 627 2703 atque
650 2619 751 2682 oculis
773 2619 985 2703 vigilantibus
1009 2621 1084 2684 exit.

170 2718 234 2803 ille,
256 2717 344 2780 velut
367 2717 484 2780 celsam
507 2719 673 2799 oppugnat
696 2715 752 2799 qui
775 2715 913 2780 molibus
937 2716 1050 2780 urbem

171 2819 227 2879 aut
248 2817 401 2878 montana
424 2813 511 2876 sedet
534 2812 653 2876 circum
675 2812 806 2876 castella
828 2812 889 2876 sub
913 2813 1020 2897 armis,
1127 2831 1178 2879 440

169 2933 255 2975 nunc
276 2911 347 2996 hos,
368 2931 453 2974 nunc
475 2911 549 2974 illos
573 2910 689 2995 aditus,
712 2931 900 2992 omnemque
922 2915 1067 2992 pererrat

171 3012 239 3072 arte
261 3009 367 3072 locum
390 3011 423 3071 et
445 3007 542 3070 variis
566 3007 745 3071 adsultibus
768 3006 886 3069 inritus
910 3010 1011 3090 urget.

171 3105 311 3169 ostendit
334 3106 479 3168 dextram
501 3104 669 3188 insurgens
693 3103 842 3167 Entellus
867 3107 898 3167 et
922 3104 986 3168 alte

171 3201 299 3265 extulit:
323 3200 377 3263 ille
400 3201 499 3263 ictum
522 3200 702 3264 venientem
725 3223 743 3264 a
765 3201 883 3267 vertice
905 3201 999 3266 velox

169 3298 327 3382 praevidit
350 3297 506 3380 celerique
529 3298 655 3380 elapsus
679 3319 812 3381 corpore
834 3299 943 3383 cessit3
1125 3315 1176 3363 445

169 3395 319 3462 Entellus
342 3394 426 3458 vires
449 3395 484 3458 in
506 3399 638 3458 ventmn
660 3395 781 3481 effudit,
804 3399 836 3460 et
859 3397 944 3460 ultro

169 3494 239 3577 ipse
262 3491 368 3576 gravis
392 3492 595 3575 graviterque
618 3491 658 3555 ad
680 3496 799 3556 terram
821 3492 958 3576 pondere
981 3495 1074 3556 vasto
