2580 3962
206 296 243 348 Vl
512 295 560 348 DE
580 295 666 349 VITA
684 295 731 350 ET
750 295 907 350 scalpris

272 453 350 518 Post
364 453 528 520 Donatum
547 456 700 520 Maurus
720 455 876 521 Servius
895 455 1117 521 Honoratus
1138 479 1217 540 quo-

206 573 276 634 que,
308 553 495 616 notissimus
527 558 639 636 poetae
670 555 774 617 nostri
806 555 976 636 interpres
1012 554 1113 617 vitam
1146 555 1215 618 eius

206 649 417 734 adumbravit,
433 650 516 713 unde
531 655 679 733 excerpta
693 655 725 714 et
739 671 796 734 per
810 650 1074 713 commentarium
1092 651 1214 732 passim

206 746 348 827 dispersa
371 747 509 810 frustula
533 749 687 830 quaedam
710 751 828 811 extant.
870 768 945 810 nam
968 768 1049 829 quae
1071 768 1157 810 nunc
1180 748 1215 810 in

205 843 368 906 nonnullis
392 844 554 907 codicibus
575 845 750 926 praemissa
774 843 904 907 scholiis
923 843 1043 927 legitur
1066 843 1215 922 eruditis-

206 939 286 1002 simo
311 940 517 1022 grammatico
541 963 655 1023 parum
683 941 779 1025 digna
805 938 972 1026 rideturl).
1019 940 1156 1022 denique
1180 941 1215 1002 in

205 1033 414 1099 Bonnensibus
442 1035 566 1099 duobus
595 1033 674 1121 (172
698 1043 730 1101 et
756 1035 834 1124 167)
861 1037 955 1101 libris
984 1041 1015 1100 et
1040 1037 1075 1099 in
1098 1037 1214 1102 Mona-

205 1134 286 1196 censi
310 1136 342 1196 et
360 1131 528 1214 liminensi
552 1134 668 1217 exigui,
693 1135 748 1198 sed
770 1139 877 1198 tamen
899 1155 965 1197 non
988 1156 1120 1217 prorsus
1144 1136 1213 1198 nul-

204 1228 269 1292 lius
304 1229 401 1310 pretii
437 1230 503 1293 vita
540 1233 642 1315 extat,
680 1252 775 1314 quam
810 1235 885 1313 post
917 1228 1214 1294 Reifferscheidium

205 1322 249 1408 (p.
269 1325 310 1387 52
331 1347 376 1407 sq.
404 1326 438 1388 in
464 1323 622 1412 margine)
656 1327 696 1390 ad
722 1325 931 1390 Beruensium
959 1325 1052 1389 fidem
1083 1327 1213 1409 repetiit

204 1420 357 1505 Hagenus
381 1423 400 1484 l.
419 1422 484 1505 lp
514 1423 585 1486 745.

271 1665 375 1730 Natus
395 1672 443 1730 est
461 1667 492 1730 P.
511 1665 742 1753 Vergilius2)
761 1667 864 1730 Maro
888 1665 997 1729 Idibus
1017 1663 1212 1733 Octobribus

206 1763 280 1825 anni
308 1763 427 1845 osello
457 1761 512 1826 (ln.
541 1762 692 1846 Pompeio
720 1763 838 1847 Magno
869 1763 1062 1847 M4Lieinio
1094 1763 1212 1830 Crasso

280 2015 298 2083 1)
317 2014 537 2068 Reifferscheidii
552 2015 665 2082 quidem
679 2014 843 2068 ementitam
858 2029 918 2067 esse
933 2014 1022 2068 vitam
1032 2013 1112 2067 illam
1122 2015 1211 2070 Servii

207 2103 308 2140 nomen
330 2085 482 2139 iudicantis
506 2088 671 2154 argumenta
694 2087 748 2138 duo
768 2085 797 2137 in
816 2103 861 2153 qu.
882 2084 968 2138 Suett.
988 2104 1014 2154 p.
1030 2090 1081 2137 399
1100 2087 1212 2154 prolatu

207 2156 330 2211 elevavit
338 2155 471 2227 Hagenus
482 2155 500 2208 l.
511 2155 529 2208 l.
544 2175 570 2224 p.
583 2157 721 2210 casada:
735 2173 858 2224 pannum
873 2153 953 2207 illum
963 2155 1120 2208 Probianae
1135 2157 1211 2210 vitae

206 2229 337 2282 adsutum
353 2244 407 2280 non
428 2243 462 2280 ex
479 2226 542 2296 ipsa
557 2225 698 2293 Seruiana,
718 2226 767 2279 sed
786 2243 819 2279 ex
835 2225 1002 2293 Donatiana‚
1021 2243 1105 2294 quam
1125 2227 1212 2280 inter·
1278 2255 1279 2262 κ

205 2297 316 2369 polator
333 2297 405 2350 falso
424 2314 474 2366 pro
490 2295 624 2350 Serviana
643 2296 780 2364 habuerit,
798 2295 923 2362 fluxisse3
942 2312 1101 2365 perversam
1116 2301 1211 2352 autem

206 2371 241 2423 de
259 2371 347 2422 morte
365 2367 485 2436 Vergilii
503 2367 666 2420 memoriam
685 2367 781 2420 deesse
800 2366 830 2418 in
848 2365 927 2419 libris
948 2365 1037 2420 Servii
1058 2367 1138 2421 Bern.
1161 2375 1210 2422 167

205 2443 234 2493 et
257 2446 315 2493 363.
354 2439 401 2492 sed
425 2440 536 2508 praeter
560 2437 647 2491 totius
673 2437 894 2490 commentarioli
916 2436 1040 2490 indolem
1061 2453 1094 2490 ac
1114 2438 1212 2492 stilum

204 2510 330 2563 notanda
345 2512 409 2562 suut
423 2525 494 2576 quae
508 2507 538 2559 in
555 2507 759 2577 prolegomenis
778 2507 924 2560 bucolicon
942 2514 996 2577 p.3
1010 2509 1059 2562 Th.
1080 2507 1213 2577 leguntur·
1277 2557 1278 2566 ,

207 2581 243 2634 ‘et
261 2582 327 2633 dicit
345 2580 486 2644 Donatus,
510 2580 581 2647 qnod
604 2581 684 2632 etiam
702 2580 733 2632 in
747 2585 843 2647 poetae
860 2579 1064 2632 memoravimus
1086 2581 1158 2647 cita,
1181 2583 1212 2634 in

204 2651 352 2704 scribendis
365 2651 531 2704 carminibus
543 2651 697 2703 naturalem
710 2651 831 2703 ordinem
844 2656 963 2703 secanam
976 2666 1028 2703 esse
1038 2650 1185 2720 Virgilium
1194 2654 1211 2718 ’,

206 2720 327 2789 quaein
344 2723 441 2773 nostra
459 2719 542 2772 hodie
565 2737 620 2772 non
645 2719 828 2787 reperiuntur.
864 2718 974 2788 plenius
998 2723 1159 2774 enarratam
1183 2720 1212 2774 in

206 2791 399 2844 commentarii
422 2789 554 2844 Aeneidis
578 2789 718 2859 prooemio
742 2788 895 2858 respiciunt
916 2789 1002 2858 paulo
1022 2807 1106 2859 supra
1129 2809 1156 2859 p.
1178 2797 1211 2844 96

132 2901 138 2909 -
205 2863 287 2916 haec:
309 2861 411 2930 ‘poetae
429 2863 513 2915 citam
531 2863 562 2914 in
580 2861 698 2914 Aeneide
717 2861 855 2915 eliminans)

281 2932 301 3001 ²)
315 2932 492 2985 Indoctorum
506 2931 650 2984 hominum
664 2930 939 3001 magistellorumque
949 2928 1098 2982 ridiculam
1112 2934 1211 2983 contu-

206 3002 338 3070 maciam,
363 3001 410 3071 qui
429 3001 631 3070 praedilectam
650 3019 666 3052 a
685 3002 778 3070 pueris
797 3000 917 3054 nominis
937 3001 1070 3070 Virgilius
1091 2999 1213 3054 formam

206 3075 242 3127 ab
263 3073 356 3141 impiis
374 3089 562 3139 novarumque
581 3088 673 3124 rerum
693 3070 824 3125 studiosis
844 3070 915 3140 eripi
938 3070 992 3124 sibi
1011 3071 1211 3140 lamentantur,

207 3143 379 3214 argumentis
398 3143 622 3210 testimoniisque
642 3143 764 3196 delenire
782 3142 870 3211 pudet
892 3141 1042 3208 taedetque
1061 3145 1212 3209 postquam
1275 3157 1276 3212 ζ

207 3219 271 3268 ante
299 3215 349 3267 hos
378 3213 596 3282 quadringentos
623 3230 709 3282 prope
738 3229 824 3266 annos
852 3211 976 3280 Angelus
999 3210 1156 3264 Politianus
1183 3213 1213 3265 in

206 3284 393 3338 miscellaneis
419 3301 515 3338 verum
541 3284 642 3337 docuit.
681 3283 756 3352 quod
781 3286 809 3336 et
834 3281 925 3335 titulis
948 3285 1008 3334 tam
1030 3281 1137 3334 liberae
1159 3284 1212 3336 rei-

206 3355 336 3426 publicae
365 3373 449 3424 quam
476 3354 600 3423 priorum
627 3357 691 3422 post
717 3353 857 3408 Christum
883 3353 1057 3406 saeculorum
1082 3353 1212 3406 omuibus

206 3429 263 3481 fere
282 3430 310 3480 et
329 3425 455 3479 codicum
470 3423 728 3492 antiquissimorum
746 3423 800 3476 fide
820 3427 848 3475 et
862 3422 1030 3476 Graecorum
1046 3422 1213 3490 scriptorum

206 3498 255 3566 qui
274 3499 431 3565 Οὐεργίλιος
448 3496 494 3550 vel
514 3497 650 3563 Βεργίλιος
669 3493 788 3547 scribere
813 3493 903 3545 solent
922 3492 1122 3545 consuetudine
1143 3495 1213 3547 satis
1274 3499 1275 3518 ¹

206 3585 342 3638 superque
362 3569 545 3622 confirmatur.
