2612 3964
173 233 237 296 172
492 230 641 286 VERGILI
659 229 792 284 AENEIS
810 230 862 284 llll

172 393 310 478 impulit.
356 394 516 479 adgnosco
539 393 657 458 veteris
680 393 817 477 vestigia
839 392 993 458 fiammae.

173 492 228 556 sed
250 491 330 554 rnihi
352 491 404 554 vel
426 491 523 555 tellus
547 495 656 573 optem
678 491 768 574 prius
790 490 855 553 ima
877 489 1029 576 dehiscat,

98 619 101 627 r
172 589 224 652 vel
240 592 332 672 pater
351 589 554 673 omnipotens
574 588 683 672 abigat
701 609 753 652 me
770 586 904 650 fulmine
923 587 962 650 ad
980 587 1121 674 umbras,
1149 605 1183 653 25
1298 569 1299 650 l

172 685 323 768 pallentis
346 686 476 750 umbras
499 685 606 749 Erebo
629 689 819 767 noctemque
841 683 1042 768 profundam,

174 786 257 869 ante,
279 783 392 870 pudor,
415 805 512 867 quam
533 787 566 847 te
588 782 675 846 violo
698 785 754 845 aut
776 784 834 844 tua
856 779 927 842 iura
948 781 1084 844 resolvo,

172 877 228 942 ille
249 900 349 965 meos,
370 880 493 962 primus
517 878 573 962 qui
596 899 647 940 me
670 876 733 940 sibi
754 877 870 962 iunxit,
892 897 1016 940 amores

174 975 322 1061 abstulit;
346 975 400 1040 ille
423 975 541 1039 habeat
564 996 672 1039 secum
694 978 861 1057 servetque
885 974 1073 1057 sepulchr0.'

174 1073 219 1137 sic
242 1073 338 1137 effata
361 1073 467 1136 sinum
488 1071 629 1136 lacrimis
652 1072 797 1154 implevit
821 1071 953 1136 obortis.
1150 1093 1187 1142 30

217 1168 314 1234 Anna
335 1171 433 1234 refert
457 1171 487 1234 ‘o
510 1170 580 1233 luce
603 1169 706 1254 magis
730 1168 844 1232 dilecta
867 1168 980 1254 sorori,

175 1267 283 1332 solane
306 1271 461 1352 perpetua
483 1287 627 1330 maerens
651 1287 779 1349 carpere
801 1265 940 1350 iuventa,

127 1442 132 1455 Ι
173 1385 232 1428 nec
254 1363 355 1428 dulcis
378 1367 473 1428 natos
496 1361 631 1428 Veneris
653 1384 712 1426 nec
734 1362 875 1446 praemia
896 1362 1007 1426 noris?

126 1459 131 1519 .'
174 1461 207 1523 id
230 1460 367 1524 cinerem
390 1464 446 1524 aut
468 1461 572 1524 manis
595 1461 696 1524 credis
720 1481 830 1524 curare
853 1461 1021 1543 sepultos?

124 1588 125 1596 ι
175 1561 254 1642 esto,
277 1577 405 1641 aegram
427 1557 509 1620 nulli
533 1557 694 1640 quondam
715 1557 830 1620 flexere
852 1557 970 1641 mariti,
1151 1579 1187 1626 85

174 1675 241 1718 non
262 1653 393 1741 Libyae,
414 1675 481 1718 non
503 1657 578 1717 ante
600 1653 698 1738 Tyro;
722 1654 888 1735 despectu·
911 1653 1021 1720 Iarbas

175 1752 385 1834 ductoresque
408 1751 472 1836 alii,
495 1772 576 1834 quos
599 1750 709 1814 Africa
731 1755 817 1814 terra
839 1751 1012 1834 triumphis

175 1848 263 1911 dives
287 1847 357 1911 alit:
380 1847 540 1930 placitone
562 1847 660 1911 etiam
682 1847 842 1933 pugnabis
865 1849 988 1912 amori?

174 1965 232 2009 nec
253 1945 342 2008 venit
364 1945 399 2008 in
420 1947 569 2028 mentem,
592 1965 730 2028 quorum
753 1945 932 2010 consederis
956 1947 1064 2012 arvis?

174 2042 249 2105 hinc
272 2039 426 2105 Gaetulae
448 2041 554 2127 urbes,
576 2062 677 2126 genus
700 2042 917 2125 insuperabile
940 2043 1035 2130 bello,
1150 2067 1189 2116 ιο

175 2143 207 2202 et
229 2136 388 2202 Numidae
409 2137 527 2201 infreni
550 2138 685 2222 eingrmt
707 2143 740 2202 et
762 2138 927 2224 inhospita
951 2138 1067 2229 Syrtis,

173 2235 249 2300 hino
271 2235 396 2299 deserta
419 2235 474 2298 siti
497 2235 586 2319 regio
610 2236 737 2317 lateque
759 2236 902 2300 furentes

174 2333 312 2398 Barcaei.
359 2331 437 2416 quid
459 2331 544 2395 bella
567 2331 653 2414 Tyro
678 2333 844 2416 surgentia
866 2333 970 2398 dicam

174 2431 381 2516 germanique
402 2429 528 2493 minas?

174 2527 222 2590 dis
246 2527 393 2610 equidem
416 2525 600 2608 auspicibus
623 2547 697 2590 reor
720 2529 752 2589 et
774 2525 898 2592 Iunone
921 2531 1058 2596 secunda
1150 2553 1188 2601 45

173 2623 259 2687 hune
282 2644 410 2687 cursum
428 2621 546 2686 'Iliacas
570 2626 667 2686 vento
690 2623 832 2687 tenuisse
855 2625 986 2690 carinas.

175 2741 271 2802 quam
301 2723 339 2782 tu
371 2717 498 2804 urbem,
533 2739 638 2803 soror,
669 2718 752 2782 hanc
784 2741 907 2808 cernes,
939 2745 1020 2806 quae
1053 2747 1188 2812 surgere

974 2841 1008 2882 re
1032 2843 1074 2885 na

174 2913 323 2998 coniugio
347 2912 419 2976 talil
456 2911 614 2976 Teucrum
637 2913 867 2979 comitantibus
891 2841 1031 2980 armisg

174 3008 293 3073 Punica
317 3032 350 3073 se
374 3009 504 3093 quantis
528 3011 657 3073 attollet
680 3010 784 3094 gloria
805 3011 916 3076 rebus!

174 3111 212 3170 tu
234 3107 328 3171 modo
352 3128 447 3190 posce
471 3106 546 3170 deos
569 3107 693 3170 reniam
718 3108 880 3192 sacrisque
903 3108 1006 3174 litatis
1152 3133 1188 3180 ao

174 3204 304 3288 indulge
326 3203 469 3287 hospitio
494 3225 668 3289 causasque
691 3204 817 3269 innecte
839 3207 994 3294 morandi,

175 3300 250 3363 dum
272 3300 386 3384 pelago
411 3299 551 3364 desaevit
573 3300 677 3364 biems
700 3305 732 3364 et
756 3324 896 3386 aquosus
921 3302 1029 3390 Orion,

175 3401 408 3481 quassataeque
431 3400 516 3460 rates
541 3396 641 3480 [,dum
662 3419 729 3461 non
751 3400 920 3464 tractabile
944 3401 1102 3487 eaelum].'

218 3494 279 3559 His
303 3495 397 3557 dictis
420 3494 565 3577 impenso
590 3496 731 3560 animum
755 3495 931 3561 flammavit
955 3520 1062 3563 amore
