2556 3966
580 1009 820 1094 OULEX.

238 1171 397 1254 Lusimua
421 1169 542 1254 Octavi,
566 1169 678 1253 gracili
701 1167 884 1232 modulante
907 1168 1019 1234 Thalia

194 1271 290 1350 atque
313 1272 350 1330 ut
374 1267 514 1330 araneoli
537 1270 665 1330 tenuem
687 1266 896 1329 formavimus
920 1288 1036 1331 orsum.

193 1364 343 1427 lusimus:
365 1363 442 1426 haec
465 1362 584 1445 pariter
608 1363 719 1426 culicis
743 1363 808 1426 sint
831 1363 970 1426 carmina
993 1363 1098 1450 docta,

194 1461 298 1523 omnis
321 1464 354 1523 et
376 1459 530 1522 historiae
553 1481 609 1542 per
632 1459 743 1523 ludum
766 1463 923 1538 consonet·
942 1460 1019 1524 erdo

193 1557 391 1639 notitiaeque
415 1557 530 1619 ducum
552 1577 655 1640 voces,
677 1555 752 1618 lieet
775 1555 901 1620 invidus
925 1557 1016 1621 adsit,

194 1654 340 1737 quisquis
365 1655 425 1716 erit
449 1654 576 1736 culpare
600 1654 686 1716 iocos
709 1674 896 1736 musamque
917 1659 1060 1741 paratuS,

192 1751 331 1833 pondere
355 1751 405 1814 vel
429 1751 539 1814 culicis
562 1750 663 1813 levior
686 1749 833 1832 famaque
855 1750 982 1814 feretur.

192 1848 397 1931 posterius
377 1847 523 1910 ‹rreviore
548 1850 664 1910 sonet
650 1846 711 1909 tibi
735 1869 826 1910 musa
847 1847 998 1930 loquetur

192 1948 267 2008 nost
269 1967 313 2029 ra
337 1944 458 2008 dabunt
445 1949 554 2008 tcum
578 1964 706 2007 securos
730 1943 848 2005 mihit
834 1946 978 2026 tempera
1001 1945 1138 2033 fructus

143 2066 175 2091 1
192 2065 214 2104 u
215 1997 319 2128 tlibi
343 2040 471 2124 dignat
457 2044 513 2103 tuo
537 2041 660 2123 poliant
662 2063 700 2103 ur
724 2040 863 2103 carmina
887 2063 990 2105 sensu
1176 2065 1208 2112 10

159 2148 165 2167 ’
237 2135 378 2198 Latonae
401 2136 573 2219 magnique
596 2136 681 2200 Iovis
706 2137 811 2222 decus
835 2160 929 2202 aurea
951 2139 1068 2226 proles,

191 2232 339 2296 Phoebus
364 2233 424 2295 erit
446 2232 551 2295 nostri
573 2234 720 2316 princeps
744 2237 776 2296 91
799 2235 948 2298 carminis
972 2241 1083 2301 auctor

191 2335 223 2394 et
247 2330 406 2392 recinente
429 2330 499 2411 lyra
522 2329 640 2414 fautor,
663 2331 729 2394 sive
753 2331 864 2394 educat
887 2333 979 2396 illum

191 2427 280 2490 Arna
305 2423 490 2488 Chimaereo
515 2424 637 2488 Xanthi
660 2427 789 2510 perfusa
811 2429 935 2511 liquore

191 2545 248 2584 seu
272 2522 366 2584 decus
389 2521 537 2585 Asteriae
561 2544 616 2586 seu
642 2546 704 2604 qua
726 2523 879 2588 Parnasia
902 2549 996 2610 rupes
1174 2551 1206 2596 15
1269 2549 1270 2556 ’

190 2618 266 2682 hinc
289 2623 386 2704 atque
408 2619 483 2682 hine
506 2620 617 2701 patula
639 2622 827 2703 praepandit
850 2623 969 2688 ¹cornua
992 2625 1099 2689 fronte

190 2714 414 2799 Castaliaeque
439 2738 554 2779 sonans
578 2716 700 2800 liquide
724 2717 802 2799 pede
825 2719 946 2785 labitur
968 2722 1061 2786 unda.

191 2835 298 2896 quare,
321 2811 418 2876 Pierii
441 2813 545 2876 laticis
571 2813 675 2899 decue,
697 2815 751 2898 ite,
775 2837 899 2881 sorores

189 2910 311 2994 naides7
334 2915 365 2973 91
390 2911 546 2973 celebrate
570 2909 662 2973 deum
685 2911 814 2975 ludente
837 2914 964 2998 chorea3

189 3012 222 3069 91
245 2999 282 3069 ul
307 3010 416 3070 sancta
438 3006 541 3091 Palea,
564 3007 603 3069 ad
627 3029 722 3090 quam
745 3009 912 3091 †ventura
935 3013 1070 3076 recurrit
1171 3035 1207 3081 20

188 3105 381 3186 †agrestum
404 3103 488 3166 bona
512 3125 622 3168 secura
646 3106 689 3168 sit
712 3127 787 3169 cura
809 3110 957 3194 tenentis,

189 3200 293 3262 aerios
316 3221 484 3264 nemorum
508 3201 613 3264 cultus
638 3203 798 3285 silvasque
822 3206 965 3291 virentiS,

187 3301 221 3358 te
245 3296 375 3358 cultrice
399 3317 499 3381 vagus
524 3298 625 3362 saltus
649 3299 735 3362 feror
758 3301 842 3363 inter
866 3307 898 3365 et
922 3307 1021 3367 antra.

232 3391 277 3454 Et
300 3395 347 3475 tu,
370 3393 421 3455 cui
444 3393 567 3462 meritis
593 3395 696 3456 oritur
719 3394 835 3460 fiducia
858 3399 988 3483 91111119,

187 3487 301 3552 Octavi
323 3488 509 3572 venerande,
531 3490 610 3552 meis
635 3487 782 3553 adlabere
806 3495 938 3580 coeptiS‚
