2556 3966
387 271 536 327 VERGILI
555 271 686 327 AENEIS
706 271 757 340 1111
1015 271 1079 337 393

66 435 127 500 hoc
150 435 269 519 Venus,
292 433 429 499 obscuro
452 433 566 498 faeiem
589 434 784 498 circumdata
805 433 927 520 nimbo,
986 504 992 535 Ι

67 532 194 616 detulit3
216 531 277 595 hoc
300 531 408 595 fusum
430 531 531 594 labris
555 531 795 615 splendentibus
819 553 944 596 amnem
982 550 987 571 ¹

67 629 167 693 inficit
191 628 314 692 occulte
336 628 497 691 medicans
522 628 709 712 spargitque
733 629 871 692 salubris

67 726 244 791 ambrosiae
268 745 361 789 sucos
384 729 417 788 et
440 725 633 789 odoriferam
655 746 835 808 panaceam.
978 728 984 765 1

66 823 147 887 fovit
170 844 207 886 ea
229 822 345 886 volnus
368 821 500 905 lympha
523 821 698 906 longaevos
722 821 824 906 Iapyx
1027 839 1078 887 411

67 922 229 1005 ignorans,
251 918 424 1002 subitoque
448 919 552 983 omnis
576 919 615 982 de
639 940 771 1002 corpore
793 919 879 1003 fugit

68 1019 184 1102 quippe
207 1017 308 1101 dolor,
332 1017 437 1080 omnis
463 1017 554 1080 stetit
578 1017 642 1080 imo
665 1016 794 1080 volnere
818 1017 963 1102 sanguis3

67 1116 193 1198 iamque
216 1117 325 1178 secuta
348 1135 478 1178 manum
501 1113 591 1177 nullo
615 1118 749 1199 cogente
774 1115 894 1200 sagitta

67 1212 193 1297 excidit,
215 1214 312 1293 atque
334 1231 436 1274 novae
458 1210 579 1274 rediere
602 1211 637 1274 in
659 1211 797 1294 pristina
819 1211 912 1276 vires.

68 1311 167 1372 ‘arma
190 1307 247 1372 citi
269 1311 439 1390 properata
462 1307 545 1371 viro!
570 1307 647 1390 quid
671 1307 799 1370 statis‘l'
822 1305 923 1390 Iapyx
1026 1325 1077 1373 411

68 1406 244 1470 conclamat
267 1404 454 1488 primusque
478 1404 601 1468 animos
626 1403 768 1468 accendit
791 1403 826 1468 in
847 1403 981 1467 hostem.

68 1503 143 1567 ‘non
166 1501 244 1565 11111
265 1499 415 1564 humanis
441 1499 567 1585 opibus,
588 1521 655 1564 non
676 1506 743 1565 arte
762 1501 918 1586 magistra

67 1599 259 1683 proveniunt
281 1619 384 1681 neque
407 1600 450 1682 te,
473 1595 591 1682 Aenea,
613 1621 685 1662 mea
707 1599 836 1663 dextera
860 1603 979 1663 servat:

68 1697 170 1760 maior
192 1695 260 1779 agit
282 1694 359 1758 deus
384 1699 481 1778 atque
504 1715 601 1778 opera
625 1695 664 1758 ad
687 1695 808 1760 maiora
829 1696 988 1760 remittit?

68 1795 118 1858 ille
143 1793 255 1857 avidus
279 1812 406 1876 pugnae
430 1813 521 1854 suras
543 1792 718 1856 incluserat
743 1815 820 1856 auro
1027 1809 1077 1857 431

67 1891 140 1956 hinc
165 1894 261 1973 atque
283 1889 359 1952 hine
384 1889 515 1971 oditque
537 1911 644 1952 moras
668 1888 858 1972 hastamque
879 1895 1032 1954 coruscat.

68 1993 239 2072 postquam
261 1986 382 2050 habilis
406 1986 500 2049 lateri
524 1986 644 2069 ch'peus
667 1986 829 2069 loricaque
852 1990 944 2070 tergo
968 1991 1026 2072 est,

71 2086 241 2150 Ascanium
264 2083 346 2147 fusis
369 2083 489 2146 circum
511 2083 736 2166 complectitur
759 2083 856 2146 armis

69 2203 254 2264 summaque
267 2201 333 2268 per
379 2177 497 2270 aleam*
504 2179 649 2243 delibans
674 2180 782 2242 oscula
805 2179 904 2243 fatur:

69 2281 173 2365 disce,
196 2300 284 2364 puer,
307 2277 460 2340 virtutem
484 2298 522 2338 ex
545 2297 595 2339 me
618 2297 792 2359 verumque
814 2276 966 2362 laborem,
1026 2294 1076 2342 435
1169 2303 1174 2329 ··

68 2377 231 2441 fortunam
254 2397 292 2438 ex
316 2374 395 2437 aliis.
440 2395 527 2437 nunc
550 2377 582 2436 te
605 2395 674 2436 mea
697 2373 827 2437 dextera
849 2373 934 2437 bello

69 2474 231 2538 defensum
254 2472 342 2536 dabit
366 2476 398 2534 et
420 2492 538 2556 magna
561 2471 645 2534 inter
667 2471 809 2554 praemia
832 2462 934 2534 ducet.

69 2574 102 2633 tu
124 2569 234 2654 facito,
255 2589 330 2631 mox
354 2587 426 2630 cum
449 2570 577 2631 matura
600 2567 774 2631 adoleverit
797 2571 894 2651 aetas,

69 2667 109 2730 sis
133 2687 265 2749 memor,
288 2667 320 2727 11
342 2667 375 2726 11
398 2662 505 2726 animo
529 2668 727 2747 repetentem
750 2665 894 2747 exempla
917 2667 1047 2727 tuorum

69 2767 98 2826 11
120 2767 213 2847 pater
236 2763 361 2824 Aeneas
385 2763 417 2823 11
441 2761 614 2824 avonculus
639 2761 755 2824 excitet
780 2759 921 2838 Hector?
1026 2779 1078 2826 440

108 2857 199 2923 Η111
221 2858 278 2922 ubi
302 2858 386 2922 dicta
410 2857 505 2941 dedit,
528 2858 631 2940 portis
656 2879 724 2921 sese
748 2855 864 2920 extulit
886 2857 1010 2941 ingens,

68 2958 166 3021 telum
190 2956 329 3035 immane
352 2955 449 3032 mauu
472 2954 634 3038 quatiens3
658 2955 755 3018 simul
778 2955 903 3038 agmine
926 2954 1023 3018 denso

68 3052 277 3137 Antheusque
299 3049 549 3133 Mnestheusque
572 3057 671 3115 ruunt
695 3051 861 3133 omnisque
884 3050 1005 3114 relictis

69 3149 163 3214 turha
186 3149 259 3212 fluit
282 3148 410 3212 castris:
435 3152 505 3210 tum
529 3169 620 3211 caeco
644 3149 773 3231 pulvere
797 3169 926 3229 campus

68 3249 220 3311 miscetur
242 3245 401 3332 pulsuque
424 3243 540 3326 pedum
564 3246 674 3308 tremit
697 3245 800 3308 excita
823 3245 927 3308 tellus.
1028 3261 1078 3308 441

69 3345 148 3408 vidit
172 3344 212 3407 ab
237 3343 369 3408 adverso
393 3341 551 3405 venientis
576 3363 692 3427 aggere
715 3339 853 3425 Turnus,

68 3442 174 3505 videre
196 3439 344 3523 Ausonii,
368 3436 555 3522 gelidusque
577 3460 634 3520 per
657 3438 721 3500 ima
744 3437 883 3500 cucurrit

70 3560 141 3602 ossa
164 3541 297 3601 tremor:
321 3536 424 3618 prima
448 3539 521 3598 ante
546 3534 649 3597 omnis
673 3533 807 3596 Iuturna
831 3531 963 3596 Latinos
