2556 3966
390 251 538 309 VERGILI
558 253 688 308 AENEIS
706 255 759 308 XII
1019 255 1084 320 391

72 435 170 478 ausus
195 412 323 477 Pelidae
345 414 485 497 pretium
509 415 571 480 sibi
594 438 724 499 poscere
748 439 873 501 currus3
1034 434 1088 482 350
1176 401 1180 417 „

71 508 164 572 illum
190 509 328 594 Tydides
352 511 415 574 alio
439 533 497 594 pro
521 511 640 576 talibus
664 513 751 576 ausis

72 605 188 670 adfecit
211 608 328 692 pretio,
349 629 409 671 nec
434 608 524 691 equis
548 609 690 692 adspirat
713 609 857 674 Achillis.

71 702 156 768 hunc
178 705 291 788 procul
313 708 349 768 ut
372 726 483 788 campo
507 705 634 770 Turnus
658 709 824 791 prospexit
848 713 972 795 aperto,

72 805 146 864 ante
168 802 232 866 lovi
255 802 360 865 iaculo
384 801 518 886 longum
540 825 597 886 per
620 804 713 868 inane
737 809 864 870 secutus
1195 862 1197 876 ,

16 945 21 952 .
72 898 159 961 sistit
185 920 283 982 equos
308 899 426 982 biiugis
451 903 482 962 et
506 921 602 964 curru
625 901 733 965 desilit
758 907 855 987 atque
1026 919 1087 977 ,350
1195 900 1199 955 ἶ

73 997 252 1059 semianimi
280 989 452 1079 elapsoque
475 999 658 1080 supervenit
681 1003 713 1062 et
736 999 814 1082 pede
837 999 919 1062 collo

71 1090 216 1175 inpresso
244 1094 374 1156 dextrae
396 1115 580 1158 mucronem
603 1099 772 1178 extorquet
795 1100 828 1160 et
851 1096 917 1160 alto
948 1147 950 1152 -
1008 1161 1010 1164 ,

72 1189 250 1274 fulgentem
273 1189 395 1274 tinguit
418 1189 529 1274 iugulo
554 1195 650 1274 atque
672 1192 751 1256 haec
774 1193 904 1276 insuper
928 1193 1026 1257 addit:

71 1293 121 1350 ‘en
145 1308 242 1372 agros
267 1290 299 1350 et
323 1309 419 1370 quam
441 1287 537 1373 bello,
559 1287 705 1374 Troiane,
728 1290 848 1376 petisti,

71 1383 261 1467 Hesperiam
283 1383 397 1447 metire
420 1383 539 1448 iacens:
562 1385 640 1449 haec
662 1388 803 1471 praemia
827 1388 883 1471 qui
905 1409 956 1452 me
1031 1405 1082 1453 360
1203 1444 1205 1455 .

70 1483 154 1545 ferro
181 1482 249 1546 ausi
272 1484 430 1564 temptare
452 1482 569 1566 ferunt,
593 1483 637 1546 sic
661 1484 787 1549 moenia
810 1484 972 1548 condunt?

71 1579 143 1643 huic
168 1579 316 1644 comitem
340 1577 490 1660 Asbyten
513 1580 656 1643 coniecta
680 1581 809 1664 cuspide
831 1581 934 1644 mittit

72 1674 271 1760 Chloreaque
295 1673 507 1759 Sybarimque
530 1674 712 1760 Daretaque
731 1677 1038 1762 Thersilochumque

72 1778 101 1837 et
125 1773 282 1837 sternacis
306 1772 380 1855 equi
402 1772 529 1855 lapsum
551 1775 670 1838 cervice
694 1776 901 1859 Thymoeten.

72 1893 104 1934 ac
126 1871 218 1934 velut
241 1869 346 1932 Edoni
369 1874 488 1932 Boreae
512 1891 584 1934 oum
608 1873 741 1955 spiritus
765 1873 831 1938 alto
1028 1892 1081 1941 365

71 1969 199 2032 insonat
221 1965 349 2050 Aegaeo
374 1967 581 2050 sequiturque
605 1969 644 2031 ad
666 1970 763 2036 litora
786 1969 913 2055 fluctus,

71 2089 132 2149 qua
156 2065 245 2128 venti
268 2064 449 2148 incubuere,
472 2065 582 2148 fugam
605 2065 682 2128 dant
704 2066 816 2130 nubila
839 2066 938 2130 caelo:

72 2163 114 2226 sic
137 2161 259 2245 Turn0,
281 2182 479 2243 quacumque
496 2162 586 2224 riam
610 2165 706 2246 secat,
730 2163 859 2247 agmina
877 2164 992 2226 cedunt

71 2279 304 2340 conversaeque
327 2262 427 2322 ruunt
450 2258 547 2342 acies3
571 2259 634 2322 fert
657 2259 796 2342 impetus
818 2260 935 2345 ipsum,

72 2363 101 2422 et
123 2358 258 2422 cristam
281 2356 413 2419 adverso
436 2377 531 2418 curru
555 2356 661 2438 quatit
686 2379 763 2420 aura
785 2356 955 2421 volantem.
1027 2377 1079 2426 370
1162 2377 1166 2424 l

71 2476 135 2519 non
158 2453 236 2517 tulit
258 2452 432 2516 instantem
456 2451 600 2536 Phegeus
625 2453 805 2538 animisque
827 2455 1028 2520 frementem:

72 2552 188 2617 obiecit
213 2571 281 2614 sese
304 2550 343 2613 ad
366 2573 494 2614 currum
517 2553 548 2612 et
572 2551 754 2632 spumantia
776 2551 874 2614 frenis

73 2673 125 2715 ora
150 2650 323 2713 citatorum
347 2647 458 2711 dextra
482 2646 617 2710 detorsit
641 2669 803 2730 equorum.

71 2747 145 2810 dum
167 2744 309 2809 trahitur
331 2743 510 2828 pendetque
533 2743 629 2829 iugis,
652 2743 737 2808 huuc
759 2745 827 2809 lata
849 2749 1004 2810 retectum

71 2845 178 2909 lancea
201 2842 406 2925 consequitur
428 2843 612 2926 rumpitque
635 2842 734 2905 infixa
756 2841 885 2905 bilicem
1026 2862 1081 2909 375
1155 2874 1158 2892 ·

69 2942 202 3007 loricam
224 2943 257 3001 et
280 2961 439 3002 summum
462 2939 610 3023 degustat
633 2939 763 3002 volnere
786 2959 910 3021 corpus.

71 3039 123 3102 ille
146 3043 257 3102 tamen
279 3037 379 3120 clipeo
405 3036 530 3100 obiecto
554 3057 725 3100 conversus
748 3035 783 3098 in
805 3033 931 3098 hostem

72 3136 137 3200 ibat
160 3139 193 3199 et
217 3134 371 3197 auxilium
395 3134 490 3198 ducto
513 3155 663 3198 mucrone
686 3131 829 3215 petebat:

72 3254 142 3296 cum
163 3235 238 3296 rota
260 3231 468 3314 praecipitem
492 3234 524 3293 et
546 3252 701 3313 procursu
725 3229 868 3292 concitus
892 3230 960 3294 axis

73 3329 198 3414 impulit
221 3327 417 3410 effunditque
441 3326 520 3410 sole,
542 3327 733 3409 Turnusque
756 3329 883 3390 secutus
1025 3345 1078 3394 aso

73 3426 165 3490 imam
188 3425 273 3490 inter
295 3425 419 3508 galeam
442 3424 557 3486 summi
580 3422 720 3488 thoracis
745 3427 777 3486 et
801 3445 873 3487 oras

73 3521 204 3586 abstulit
227 3542 301 3585 ense
325 3524 420 3604 caput
443 3523 653 3603 truncumque
676 3519 809 3602 reliquit
831 3519 974 3584 harenae.
