2514 3966
183 209 247 273 328
514 205 661 261 VERGILI
679 205 812 261 Auuuls
831 207 855 261 X

183 369 289 454 iungit
313 391 389 453 opes
411 369 587 453 foedusque
610 369 698 452 ferit,
720 371 791 432 tum
814 367 915 432 libera
938 369 997 434 fati

184 466 318 530 classem
341 465 522 530 conscendit
546 465 643 528 iussis
668 486 746 550 gens
769 463 871 548 Lydia
895 464 1011 550 divom,
1141 481 1184 528 rsa

184 566 315 628 externo
339 563 509 627 commissa
532 562 612 626 duci.
659 561 779 626 Aeneia
802 561 919 645 puppis

184 659 287 742 prima
310 663 408 744 tenet,
430 663 537 723 rostro
561 659 720 743 Phrygios
745 659 915 723 subiuncta
937 659 1057 744 leones,

184 756 329 820 imminet
351 755 408 820 Ida
432 778 536 842 super,
558 755 705 840 profugis
729 755 913 840 gratissima
936 754 1075 819 Teucris.

183 851 237 916 hic
259 875 394 938 magnus
419 852 507 916 sedet
530 851 655 916 Aeneas
679 874 847 936 secumque
869 853 997 916 volutat

148 1002 154 1019 ,
185 952 317 1013 eventus
341 949 418 1012 belli
441 949 558 1034 varios,
580 947 749 1033 Pallasque
773 951 903 1014 sinistro
1140 967 1184 1014 160

152 1068 156 1141 ξ
186 1045 308 1110 adfixus
331 1046 426 1110 lateri
449 1047 513 1110 iam
537 1047 662 1130 quaerit
686 1047 797 1132 sidera,
821 1069 938 1130 opacae

152 1186 155 1197 .
184 1143 288 1206 noctis
312 1143 383 1228 iter,
405 1143 470 1206 iam
494 1164 575 1226 quae
597 1165 712 1226 passus
736 1147 885 1226 terraque
907 1143 1062 1227 marique.

151 1226 155 1236 ⁵
229 1237 363 1302 Pandite
385 1261 470 1302 nunc
493 1238 658 1325 Helicona,
681 1240 765 1325 deae,
788 1244 964 1324 cantusque
986 1244 1121 1326 movete,

187 1357 267 1419 quae
289 1358 403 1400 manus
426 1336 548 1400 interea
571 1335 684 1401 Tuscis
708 1337 877 1401 comitetur
901 1337 940 1400 ab
966 1337 1031 1400 oris

185 1433 316 1497 Aenean
340 1437 504 1517 armetque
527 1437 613 1497 rates
637 1434 815 1518 pelagoque
838 1433 980 1498 vehatur.
1141 1449 1183 1496 165

230 1530 387 1595 Massicus
412 1534 519 1594 aerata
542 1531 690 1614 princeps
714 1535 800 1596 secat
823 1553 963 1614 aequora
986 1531 1078 1616 tigri:

187 1627 246 1691 sub
272 1649 335 1710 quo
358 1627 447 1690 mille
469 1649 582 1690 manus
606 1627 766 1712 iuvenum,
789 1627 844 1711 qui
867 1627 993 1691 moenia
1017 1625 1106 1691 Clusi

187 1725 305 1808 quique
328 1723 441 1787 urbem
463 1723 585 1808 liquere
609 1721 718 1808 Cosas,
742 1725 813 1808 quis
837 1725 902 1788 tela
926 1725 1063 1809 sagittae

187 1821 358 1904 gorytique
380 1821 466 1884 leves
490 1821 608 1884 umeris
631 1825 663 1884 et
685 1821 791 1884 letifer
814 1843 914 1886 arcus

187 1939 251 1981 una
273 1921 383 1981 torvos
407 1916 509 1981 Abas:
531 1917 607 1981 huie
629 1921 736 1982 totum
758 1919 940 2003 insignibus
964 1919 1062 1982 armis
1141 1935 1182 1982 110

188 2035 302 2099 agmen
325 2018 356 2077 et
380 2018 492 2078 aurato
516 2015 661 2098 fulgebat
684 2014 835 2098 Apolline
858 2015 983 2099 puppis

189 2115 349 2175 sescentos
373 2111 421 2174 illi
445 2110 573 2174 dederat
596 2110 777 2194 Populonia
798 2116 901 2176 mater

188 2211 335 2291 expertos
359 2207 436 2270 belli
459 2207 599 2293 iuvenes,
622 2212 672 2272 ast
695 2208 764 2273 Ilva
787 2213 947 2273 trecentos

187 2305 293 2368 insula
315 2303 514 2368 inexhaustis
538 2301 719 2388 Chalybum
742 2327 897 2390 generosa
914 2306 1063 2370 metallis.

187 2403 303 2468 tertius
326 2401 380 2465 ille
403 2400 570 2464 hominum
594 2402 763 2486 divomque
787 2403 944 2486 interpres
968 2402 1087 2488 Asilas,
1141 2415 1182 2464 116

188 2501 238 2564 cui
260 2498 416 2583 pecudum
438 2498 547 2583 fibrae,
571 2499 649 2563 caeli
672 2500 724 2563 cui
749 2499 852 2564 sidera
870 2503 985 2582 parent

188 2602 220 2662 et
242 2597 371 2681 linguae
394 2595 563 2659 volucrum
586 2600 619 2659 et
641 2597 788 2680 praesagi
811 2596 956 2660 fulminis
979 2596 1079 2680 ignes,

187 2695 274 2758 mille
297 2693 383 2776 rapit
406 2692 521 2756 densos
546 2693 612 2757 acie
636 2697 731 2775 atque
754 2693 962 2757 horrentibus
987 2692 1095 2756 hastis.

187 2792 380 2875 hos-parere
403 2788 516 2852 iubent
538 2787 682 2873 Alpheae
706 2789 830 2874 origine
853 2789 955 2874 Pisae,

188 2889 265 2953 urbs
288 2887 427 2951 Etrusca
450 2886 528 2950 sole.
575 2887 721 2971 sequitur
743 2886 977 2969 pulcherrimus
1000 2884 1108 2970 Astur,
1140 2898 1181 2946 180

188 2986 289 3049 Astur
313 3003 394 3066 equo
417 2981 517 3046 fidens
541 2985 573 3046 et
596 2983 841 3047 versicoloribus
865 2983 970 3048 armis.

188 3083 367 3145 tercentum
391 3078 532 3142 adiciunt
555 3075 660 3164 (mens
685 3080 833 3144 omnibus
857 3103 921 3144 una
943 3067 1106 3166 sequendi)

189 3178 244 3261 qui
268 3175 399 3240 Caerete
422 3175 526 3260 domu,
550 3177 605 3258 qui
629 3181 704 3240 sunt
727 3176 881 3240 Minionis
904 3177 940 3240 in
963 3177 1057 3262 arviS,

189 3280 221 3338 et
243 3273 343 3356 Pyrgi
366 3275 489 3334 veteres
512 3272 787 3356 intempestaeque
811 3267 989 3338 Graviscae.

233 3367 309 3431 Non
333 3387 392 3450 ego
415 3371 457 3450 te,
479 3367 635 3451 Ligurum
659 3369 772 3432 ductor
794 3368 969 3432 fortissime
993 3369 1085 3452 bello,
1139 3377 1178 3427 18⁵

190 3463 382 3547 transierim,
405 3461 540 3550 Cunare,
562 3468 594 3527 et
617 3466 726 3546 paucis
751 3465 900 3528 comitate
925 3463 1063 3550 Oupav0,
