2574 3964
208 267 251 330 74
497 265 646 320 VERGILI
665 263 874 321 GEORGIOON
892 265 932 320 III

208 450 334 512 quaque
357 429 439 492 redit
461 428 601 491 medium
623 426 779 510 Rhodope
802 431 949 510 porrecta
972 427 1032 492 sub
1057 449 1161 490 0110111.

206 527 274 590 illic
296 526 403 589 clausa
425 528 535 588 tenent
560 518 695 587 stabulis
719 527 877 609 armenta,
897 546 1002 606 neque
1023 523 1110 586 ullae

208 625 264 686 aut
285 620 403 685 herbae
425 642 536 703 campo
561 627 715 704 apparent
739 625 795 684 aut
819 622 932 685 arbore
954 620 1100 704 frondes3

209 719 264 783 sed
285 719 367 782 iacet
390 718 561 802 aggeribus
584 718 686 782 niveis
710 717 858 781 informis
882 721 914 780 et
937 718 1004 781 alto

207 819 294 879 terra
316 815 390 900 gelu
413 815 487 900 late,
510 817 695 897 septemque
718 815 864 898 adsurgit
886 814 921 877 in
942 813 1044 877 ulnas.
1169 830 1222 876 355

209 933 332 996 semper
354 911 471 997 hiems,
495 933 618 994 semper
643 911 801 994 spirantes
824 911 947 994 frigora
970 911 1066 974 cauri.

208 1013 279 1073 tum
302 1009 351 1072 sol
373 1008 523 1092 pallentis
546 1007 627 1071 haut
650 1030 803 1091 umquam
825 1008 957 1072 discutit
979 1007 1127 1094 umbras,
1279 1079 1280 1108 1

208 1128 266 1172 nec
288 1127 361 1170 cum
383 1107 528 1169 invectus
552 1105 642 1188 equis
667 1106 769 1168 altum
791 1106 873 1189 petit
897 1105 1039 1190 aethera,
1065 1127 1125 1168 nec
1148 1125 1222 1168 eum
1279 1113 1280 1194 1

207 1204 414 1288 praecipitem
438 1201 554 1266 Oceani
577 1202 676 1266 rubro
699 1202 780 1266 lavit
803 1224 939 1286 aequore
961 1223 1099 1266 currum.
1279 1199 1280 1282 1

208 1305 416 1366 concrescunt
440 1297 565 1364 subitae
588 1299 729 1363 currenti
750 1299 786 1362 in
808 1297 938 1362 flumine
961 1301 1104 1382 crustae,
1167 1314 1220 1362 350
1279 1283 1280 1340 l

208 1398 357 1480 undaque
378 1398 443 1460 iam
466 1401 559 1480 tergo
582 1397 717 1460 ferratos
742 1395 880 1460 sustinet
904 1395 1005 1480 orbis,

208 1496 371 1579 puppibus
394 1495 451 1558 illa
474 1495 578 1578 prius,
601 1493 722 1576 patulis
744 1513 830 1556 nunc
851 1492 981 1575 hospita
1003 1491 1177 1575 plaustris;

209 1614 344 1676 aereque
367 1591 531 1655 dissiliunt
553 1591 664 1676 volgo,
685 1593 854 1672 vestesque
876 1589 1039 1673 rigescunt

209 1689 353 1774 indutae,
376 1688 573 1770 caeduntque
597 1685 761 1750 securibus
784 1685 892 1749 umida
913 1685 1001 1772 vina,

209 1790 242 1848 et
264 1788 353 1848 totae
376 1784 511 1848 solidam
533 1784 568 1846 in
590 1783 725 1867 glaciem
746 1787 869 1846 vertere
891 1783 1039 1868 lucanae,
1167 1799 1219 1846 305

210 1882 364 1964 stiriaque
386 1881 511 1964 inpexis
534 1880 678 1944 induruit
700 1880 831 1944 horrida
853 1880 971 1944 barbis.

136 2004 147 2076 ι·
183 1961 424 2060 1111101001010
447 1999 514 2041 non
537 1977 636 2042 setius
660 1982 731 2040 aere
753 1977 898 2062 ninguit:

209 2077 371 2139 intereunt
394 2075 543 2161 pecudes,
567 2078 655 2138 stant
678 2074 869 2138 circumfusa
890 2075 1015 2158 pruinis

209 2193 344 2256 corpora
366 2193 483 2257 magna
505 2173 619 2257 boum,
642 2171 850 2254 confertoque
873 2172 1000 2256 agmine
1022 2173 1108 2236 cervi

209 2274 340 2353 torpent
363 2270 447 2334 mole
469 2291 553 2333 nova
572 2273 603 2332 et
623 2268 756 2332 summis
774 2270 829 2332 vix
848 2268 998 2333 cornibus
1017 2274 1139 2334 extant.
1167 2288 1218 2335 310

208 2367 269 2432 hos
292 2389 359 2431 non
380 2367 534 2445 immissis
557 2365 704 2452 canibus,
725 2387 792 2430 non
815 2366 959 2430 cassibus
981 2367 1057 2430 ullis

209 2467 400 2550 puniceaeve
423 2464 549 2548 agitant
572 2463 704 2546 pavidos
727 2463 896 2528 formidine
918 2464 1049 2549 pinnae,

211 2563 266 2626 sed
286 2563 409 2626 frustra
432 2561 617 2645 oppositum
638 2561 797 2625 trudentis
820 2565 949 2645 pectore
970 2565 1117 2626 montem

210 2659 386 2722 comminus
410 2657 604 2721 obtruncant
626 2658 711 2721 ferro
718 2711 726 2743 ,
750 2659 952 2743 graviterque
975 2659 1121 2723 rudentis

211 2755 359 2839 caedunt,
382 2759 414 2818 et
436 2775 554 2840 magno
577 2754 654 2818 laeti
677 2755 813 2818 clamore
836 2759 1010 2837 reportant.

211 2851 275 2934 ipsi
296 2851 332 2913 in
354 2851 488 2915 defossis
513 2851 669 2934 specubus
694 2873 804 2914 secura
827 2852 887 2916 sub
911 2853 977 2916 alta

211 2949 278 3012 otia
301 2952 401 3032 agunt
424 2951 519 3032 terra,
541 2951 755 3032 congestaque
777 2948 896 3012 robora
917 2953 1068 3032 totasque

212 3045 379 3110 advolvere
401 3046 480 3108 focis
504 3045 607 3108 ulmos
631 3045 763 3129 ignique
785 3045 905 3110 dedere.

210 3143 263 3207 hio
285 3147 413 3208 noctem
434 3143 509 3206 ludo
533 3143 653 3206 ducunt
676 3146 708 3205 et
730 3143 845 3226 pocula
867 3143 944 3208 laeti

210 3242 368 3304 fermento
392 3243 488 3323 atque
511 3241 608 3303 acidis
631 3240 801 3302 imitantur
823 3239 908 3304 vitea
932 3239 1045 3304 sorbis.
1166 3256 1216 3304 380

211 3337 287 3400 talis
310 3336 510 3418 hyperborea
534 3340 656 3419 septem
679 3337 822 3400 subiecta
844 3339 944 3402 trioni

212 3453 291 3516 gens
315 3431 432 3495 effrena
454 3433 560 3496 virum
582 3431 726 3514 Riphaeo
749 3433 897 3497 tunditur
910 3456 996 3498 euro

213 3533 246 3592 et
269 3527 424 3610 pecudum
447 3527 545 3590 fulvis
568 3529 693 3592 velatur
715 3551 849 3612 corpora
873 3532 978 3595 saetis.
