2552 3958
206 260 253 314 XL
514 261 562 314 DE
581 261 669 315 VITA
688 261 734 314 ET
754 259 910 315 scalpris

207 423 269 485 mis
298 421 542 486 Homericorum
574 424 750 486 carminum
781 424 868 486 furta
902 422 1100 505 obiecerunt,
1134 415 1222 506 quod

207 519 276 602 ipse
304 520 424 582 crimen
451 519 566 584 solitus
590 525 639 584 est
664 521 709 584 sic
731 520 909 602 defendere,
938 523 974 582 ut
1001 519 1223 604 interrogaret

208 617 276 680 ‘cur
298 639 365 680 non
387 617 436 680 illi
463 639 589 700 quoque
613 617 722 681 eadem
743 618 830 680 furta
853 617 1070 700 temptarent?
1107 638 1223 680 verum

207 712 441 795 intellecturos,
471 713 597 776 facilius
626 735 694 778 esse
720 712 852 777 Herculi
880 714 1001 777 clavam
1030 735 1127 796 quam
1154 713 1223 777 Ho-

207 831 295 872 mero
328 831 456 873 versum
493 809 658 894 subripere
674 809 720 896 ¹).’
774 811 949 894 inperfecta
984 811 1019 873 in
1054 811 1223 893 praeclaro

208 910 354 988 poemate
382 907 485 970 multa
512 927 580 970 esse
609 907 677 990 ipsc
706 907 782 971 adeo
816 908 930 992 sensit,
961 910 998 970 ut
1029 907 1223 991 priusquam

207 1001 336 1066 Italiam
359 1003 562 1087 relinqueret,
586 1005 687 1088 egerit
710 1027 781 1068 cum
799 1004 908 1088 Vario,
933 1005 981 1067 ‘ut
1005 1005 1135 1087 siquid
1159 1006 1224 1069 sibi

209 1100 375 1164 accidisset
398 1100 538 1163 Aeneida
566 1101 767 1165 combureret
775 1102 793 1186 ',
817 1102 902 1185 quod
930 1106 1038 1166 tamen
1064 1102 1092 1165 is
1121 1103 1224 1166 factu-

208 1220 280 1261 rum
304 1221 337 1261 se
360 1201 557 1281 pernegarat.
603 1197 638 1260 in
661 1202 802 1261 extrema
825 1203 932 1262 autem
955 1198 1139 1263 valetudine
1164 1200 1224 1264 ‘as-

209 1294 298 1359 sidue
326 1294 443 1358 scrinia
470 1293 660 1358 desideravit
688 1299 885 1359 crematurus
913 1295 1013 1379 ipse’3
1041 1317 1123 1378 quae
1148 1319 1224 1360 cum

208 1414 301 1456 nemo
326 1393 355 1455 ei
378 1391 549 1475 attulisset,
574 1391 609 1454 in
631 1395 825 1456 testamento
849 1392 887 1455 de
909 1393 980 1476 ipsa
1002 1391 1143 1457 Aeneide
1166 1416 1225 1458 no-

209 1489 356 1554 minatim
379 1489 462 1552 nihil
485 1490 710 1572 eavit,ver11m
732 1489 850 1573 scripta
874 1510 931 1551 sua
954 1489 1103 1554 universa
1120 1489 1224 1556 Vario

210 1610 246 1651 ac
271 1587 393 1650 [luceae
420 1608 456 1649 ea
483 1586 667 1650 condicione
693 1587 814 1670 legavit
841 1589 879 1649 ut
903 1585 959 1649 ‘ne
987 1587 1063 1669 quid
1091 1589 1225 1653 ederent

211 1684 297 1767 quod
327 1705 393 1746 non
421 1705 440 1746 a
469 1705 502 1746 se
534 1683 656 1746 editum
688 1683 797 1746 esset'
849 1683 1005 1766 permisso
1037 1684 1153 1772 igitur,
1187 1692 1226 1750 ut
1274 1689 1275 1734 t

210 1781 354 1844 bucolica
373 1785 405 1844 et
424 1802 505 1863 quae
530 1781 675 1844 secundis
694 1780 778 1843 euris
801 1783 1048 1844 rectractaverat
1071 1785 1226 1867 georgica
1274 1819 1275 1838 1

210 1881 329 1942 iterum
348 1877 484 1960 ederent,
508 1877 659 1941 Aeneidis
680 1899 734 1940 eos
754 1876 920 1940 dumtaxat
942 1876 1052 1961 libros,
1077 1901 1159 1961 quos
1184 1905 1225 1948 nc

211 1977 399 2040 recitaverat
419 1975 547 2057 quidem
568 1975 704 2057 publice,
726 1974 761 2037 in
779 1975 894 2060 vulgus
914 1975 999 2038 exire
1017 1975 1132 2040 noluit.
1169 1980 1226 2041 sed

211 2073 293 2137 hanc
317 2070 502 2135 testamenti
529 2075 654 2155 partem
676 2071 803 2135 irritam
826 2094 895 2136 esse
918 2071 1021 2135 voluit
1043 2072 1226 2161 Augustus

211 2171 301 2235 ouius
329 2168 419 2232 iussn
443 2167 561 2231 Varius
589 2168 734 2232 adiutore
756 2167 863 2234 Plotio
887 2190 923 2232 ea
945 2168 1015 2253 lege
1039 2169 1226 2258 adstrictuS,

211 2272 247 2331 ut
271 2266 400 2329 adderet
421 2263 518 2350 nihil,
545 2264 643 2328 edidit
670 2287 784 2348 poema
812 2267 997 2329 summatim
1019 2269 1226 2334 emendatum

210 2387 251 2428 ne
284 2362 440 2446 suppletis
474 2360 602 2444 quidem
636 2383 716 2444 quos
749 2363 818 2445 ipse
853 2366 949 2446 poeta
985 2385 1115 2428 mancos
1153 2367 1226 2430 reli-

213 2466 326 2546 querat
357 2459 539 2542 versieulis,
574 2459 685 2522 recisis
717 2463 825 2524 tamen
856 2461 993 2524 fortasse
1030 2461 1226 2544 quibusdam
1273 2473 1274 2534 j

213 2581 293 2642 quae
318 2556 478 2640 superflua
500 2556 684 2619 viderentur
694 2553 729 2642 ²).
1273 2557 1274 2572 ¹

286 2767 305 2836 ²)
324 2767 449 2820 Donatus
468 2783 494 2834 p.
510 2771 543 2818 66
562 2764 594 2818 R.
623 2763 782 2818 Macrobius
803 2764 860 2818 Sat.
874 2763 900 2817 V
919 2769 943 2831 3,
964 2769 1005 2819 46.
1034 2764 1226 2835 Hieronymus

211 2838 392 2976 ppgesfdhebr.
411 2838 518 2904 quaest.
538 2835 568 2889 in
587 2834 715 2889 Genesim
734 2838 754 2890 t.
769 2835 808 2887 III
826 2854 852 2904 p.
869 2841 919 2888 301
935 2835 1007 2890 Vall.
1042 2835 1076 2890 cf.
1095 2837 1225 2908 prolegg.

287 2996 306 3066 ἵ)
327 2995 372 3051 Ἵι.
393 2997 507 3050 Varium
527 3001 552 3050 et
570 2995 696 3048 Plotium
714 2995 844 3062 Tuccam,
868 2996 917 3063 qui
939 2996 997 3049 eius
1014 2995 1141 3050 Aeucidu
1161 3003 1228 3064 post

213 3070 314 3122 obitum
332 3069 409 3120 iussu
429 3066 553 3120 00100011
570 3067 754 3120 1010101001.
792 3065 824 3119 de
847 3083 902 3135 qua
923 3082 952 3119 01
971 3065 1089 3134 Sulpicii
1109 3066 1227 3120 Gurtho-

213 3138 344 3209 9iuieusis
366 3143 461 3192 eutcut
482 3138 638 3190 huiusmodi
659 3135 764 3190 uersus'
791 3151 814 3190 e.
835 3153 860 3203 q.
881 3152 901 3190 s.
923 3135 1024 3206 ‘eperat
1046 3154 1107 3190 cum
1130 3137 1228 3204 Vario,

212 3211 373 3278 priusquam
391 3208 477 3261 110110
496 3208 640 3273 decederet,
662 3213 693 3260 ut
712 3249 718 3260 .
734 3247 762 3261 ..
782 3208 957 3273 0001001011,
977 3207 1024 3260 sed
1041 3208 1066 3261 is
1083 3209 1228 3274 sactmum

213 3298 240 3334 se
259 3297 289 3348 p.
308 3281 394 3349 191100
411 3280 443 3331 iu
460 3285 578 3332 extrema
595 3278 748 3332 0011101101
766 3277 874 3330 assidue
894 3319 900 3332 .
919 3319 925 3332 .
947 3317 953 3330 .
974 3278 1044 3346 ipse:
1066 3295 1227 3333 0000101-

214 3353 285 3404 miue
309 3351 432 3416 offereute
455 3349 526 3401 01111
553 3350 660 3418 quidem
686 3348 849 3401 uomiuatim
877 3349 908 3401 de
933 3365 965 3402 eu
988 3350 1066 3402 cauit.
1109 3355 1228 3403 ceterum

215 3423 299 3477 eidem
322 3421 406 3475 Vario
434 3437 467 3474 uc
493 3420 575 3473 simui
600 3420 703 3472 Tuccue
730 3420 833 3486 scriptu
859 3435 911 3472 suu
937 3420 987 3472 sut
1010 3435 1041 3472 10
1067 3419 1229 3474 coudicioue

216 3493 314 3563 lequoit
331 3508 364 3544 ue
382 3491 449 3560 quid
468 3531 473 3543 .
490 3532 496 3544 .
513 3532 518 3544 .
538 3496 609 3543 esset.
638 3490 724 3543 edidit
741 3496 831 3543 autem
849 3496 958 3543 auctore
973 3489 1099 3558 Auyusto
1114 3490 1228 3558 Varius,

215 3565 261 3618 sed
282 3563 436 3616 suueumtim
459 3561 613 3627 emeudutu,
640 3566 672 3613 ut
694 3561 742 3629 qui
763 3576 855 3614 uersus
877 3561 958 3614 etium
976 3561 1137 3628 imperfectos
1154 3562 1229 3616 sicut
