2538 3970
418 327 563 382 VERGILI
585 329 714 384 AENEIS
733 331 797 385 VIII
1040 335 1107 400 279

91 491 163 552 tum
188 489 235 552 sic
258 510 359 573 pauca
382 489 492 554 refert:
516 489 565 554 ‘ut
587 493 629 577 te,
652 490 828 558 fortissime
852 493 1017 583 Teucrum,

92 585 215 669 accipio
242 586 466 671 adgnoscoque
488 586 606 651 libens!
630 592 667 651 ut
690 588 787 654 verba
810 591 954 674 parentis
1055 609 1107 658 155

92 687 126 746 et
149 704 260 747 vocem
283 683 444 747 Anchisae
465 683 575 768 magni
598 685 786 770 voltumque
810 688 971 754 recordor!

91 803 169 844 nam
191 781 323 844 memini
346 779 508 845 Hesionae
530 781 687 846 visentem
709 802 808 867 regna
831 785 951 850 sororis

91 877 388 941 Laomedontiaden
409 876 581 964 Priamum,
604 876 766 944 Salamina
788 884 959 968 petentem,

91 975 245 1058 protinus
267 974 422 1040 Arcadiae
446 974 567 1060 gelidos
590 974 727 1040 invisere
750 977 832 1040 finis.

91 1077 164 1136 tum
187 1073 268 1136 mihi
291 1072 396 1156 prima
420 1092 518 1157 genas
541 1072 682 1136 vestibat
704 1073 784 1137 flore
806 1074 963 1161 iuventas,
1054 1094 1105 1143 loo

90 1169 298 1253 mirabarque
321 1169 416 1233 duces
439 1169 589 1254 Teucros,
610 1168 751 1234 mirabar
775 1175 807 1234 et
830 1171 936 1254 ipsum

91 1266 395 1353 Laomedontiaden,
419 1266 473 1330 sed
496 1266 619 1330 cunctis
643 1267 738 1331 altior
761 1267 830 1332 ibat

90 1364 263 1429 Anchises:
286 1363 368 1428 mihi
390 1383 480 1427 mens
503 1363 643 1426 iuvenali
666 1363 798 1428 ardebat
821 1386 929 1429 amore

90 1461 285 1546 compellare
307 1461 413 1525 virum
437 1464 468 1524 et
491 1460 620 1524 dextrae
644 1460 836 1546 coniungere
862 1463 1014 1528 dextram.

91 1560 211 1624 accessi
235 1563 268 1624 et
291 1559 424 1642 cupidus
447 1557 567 1622 Phenei
590 1557 650 1621 sub
673 1560 800 1623 moenia
823 1560 907 1624 duxi.
1054 1579 1102 1629 155

91 1659 147 1722 ille
169 1656 251 1721 mihi
274 1657 435 1741 insignem
457 1655 641 1740 pharetram
664 1655 842 1740 Lyciasque
866 1658 1002 1742 sagittas

91 1754 256 1818 discedens
281 1752 544 1837 chlamydemque
567 1774 645 1816 auro
669 1753 755 1817 dedIt
778 1753 986 1818 intertextam

90 1852 246 1936 frenaque
269 1850 347 1914 bina
368 1872 459 1913 meus
483 1869 564 1932 quae
585 1869 671 1912 nune
692 1848 791 1913 habet
814 1871 909 1914 aurea
932 1850 1046 1916 Pallas.

90 1970 169 2035 ergo
193 1953 226 2012 et
250 1969 346 2031 quam
368 1947 479 2030 petitis
503 1947 612 2010 iuncta
635 1948 684 2010 est
706 1945 787 2008 mihi
809 1946 934 2011 foedere
958 1947 1078 2036 dextra,

90 2050 124 2109 et
145 2046 204 2109 lux
228 2066 301 2109 cum
323 2044 463 2127 primum
485 2043 580 2106 terris
604 2065 638 2107 se
660 2042 800 2106 crastina
822 2043 941 2128 reddet,
1053 2065 1102 2112 170

90 2142 212 2207 anxilio
236 2140 340 2204 laetos
363 2140 525 2204 dimittam
549 2140 728 2223 opibusque
751 2140 877 2204 iuvabo.

90 2241 213 2304 interea
238 2259 326 2302 sacra
348 2237 435 2324 haec,
458 2237 584 2321 quando
607 2237 671 2302 huo
692 2237 827 2301 venistis
850 2239 952 2324 amici,

90 2360 206 2423 annua,
230 2357 311 2419 quae
334 2334 461 2398 differre
483 2335 582 2419 nefas,
604 2334 762 2398 celebrate
785 2335 928 2399 faventes

89 2435 260 2500 nobiscum
283 2437 315 2497 et
337 2433 403 2496 iam
424 2453 510 2495 nunc
533 2432 693 2496 sociorum
716 2431 893 2496 adsuescite
916 2435 1055 2499 mensis?

133 2532 224 2596 Haec
246 2529 303 2597 ubi
326 2529 419 2614 dicta,
442 2528 538 2612 dapes
561 2528 651 2592 iubet
675 2532 707 2593 et
731 2529 858 2593 sublata
881 2531 993 2613 reponi
1051 2549 1099 2598 115

91 2629 206 2713 pocula
228 2627 456 2714 gramineoque
479 2626 566 2690 viros
589 2626 675 2690 locat
698 2625 767 2709 ipse
791 2625 883 2689 sedili

90 2727 360 2811 praecipuumque
382 2727 455 2787 toro
479 2727 511 2787 et
533 2723 641 2787 villosi
664 2722 747 2806 pelle
770 2722 872 2786 leonis

91 2824 206 2909 accipit
228 2821 360 2886 Aenean
384 2821 529 2903 solioque
551 2821 668 2884 invitat
692 2841 813 2883 acerno.

91 2925 159 2986 tum
181 2919 258 2984 lecti
280 2917 410 2981 iuvenes
434 2917 581 2980 certatim
604 2939 740 3000 araeque
764 2916 910 2981 sacerdos

90 3020 211 3083 viscera
233 3018 321 3080 tosta
343 3014 452 3078 ferunt
474 3018 642 3078 taurorum
666 3019 863 3098 onerantque
886 3016 1035 3081 canistris
1051 3037 1099 3085 155

90 3117 172 3180 dona
194 3112 359 3177 laboratae
383 3110 506 3176 Cereris
530 3110 754 3197 Bacchumque
776 3113 970 3178 ministrant.

89 3213 228 3278 vescitur
250 3209 374 3274 Aeneas
399 3209 495 3273 simul
518 3213 550 3272 et
574 3208 713 3275 Troiana
735 3211 885 3274 iuventus

88 3308 234 3394 perpetui
257 3311 350 3392 tergo
373 3307 466 3370 bovis
490 3309 522 3369 et
544 3305 733 3372 lustralibus
758 3308 849 3371 extis.

131 3405 308 3490 Postquam
322 3407 469 3487 exempta
482 3403 582 3466 fames
601 3408 633 3467 et
652 3427 741 3468 amor
760 3425 960 3489 compressus
975 3406 1097 3494 edendi,

87 3528 143 3570 rex
165 3502 337 3569 Euandrus
361 3503 419 3566 ait:
443 3501 521 3565 ‘non
542 3500 619 3564 haec
643 3502 810 3566 sollemnia
832 3501 937 3588 nobis,
1048 3521 1097 3568 185

85 3603 145 3668 1155
168 3625 207 3666 ex
226 3621 314 3665 more
338 3599 444 3684 dapes,
465 3599 547 3662 hanc
571 3598 655 3662 tanti
677 3597 818 3661 numinis
843 3621 931 3661 aram
