2552 3958
206 243 246 306 18
520 241 668 298 VERGILI
686 243 829 299 ECLOGA
847 243 899 300 VII

201 404 311 470 Aonas
333 406 369 470 in
389 407 510 470 montis
532 410 569 470 ut
592 407 718 471 duxerit
741 427 805 470 una
828 428 991 493 sororum,
1183 423 1216 470 65

111 501 115 510 '
200 505 301 586 utque
323 503 392 568 viro
414 501 538 568 Phoebi
560 502 677 567 chorin
701 503 917 569 adsurrexerit
940 503 1059 587 omnis3

201 602 239 662 ut
261 597 361 664 Linus
382 599 461 665 haec
482 600 533 664 illi
556 599 664 664 divino
688 601 828 665 carmine
851 605 965 686 pastor

201 695 336 762 floribus
358 700 455 782 atque
478 697 551 780 apio
576 697 673 761 crinis
697 701 830 762 ornatus
855 719 964 762 amaro

201 820 330 886 dixerit:
354 821 424 886 ‘hos
447 820 510 886 tibi
532 821 610 884 dant
633 820 787 906 calamos,
810 842 851 884 en
873 821 993 906 accipe,
1015 818 1144 905 Musae,

200 916 340 982 Ascraeo
363 939 444 1002 quos
468 921 542 983 ante
565 918 648 1004 seni,
671 917 788 1002 quibus
811 917 866 982 ille
889 917 1014 983 solebat
1182 936 1216 983 vo

201 1015 357 1080 cantando
379 1015 500 1100 rigidas
523 1014 675 1080 deducere
697 1014 864 1080 montibus
888 1037 992 1079 ornos.

200 1112 252 1176 his
274 1113 337 1176 tibi
360 1110 481 1197 Grynei
503 1113 643 1176 nemoris
666 1112 791 1177 dicatur
816 1113 924 1198 origo,

200 1231 241 1274 ne
264 1209 336 1294 quis
360 1208 404 1273 sit
425 1209 532 1296 lucus,
555 1230 619 1292 quo
643 1231 677 1274 se
699 1209 773 1293 plus
795 1208 893 1274 iactet
916 1207 1057 1292 Apollo?

202 1385 284 1462 Quid
305 1386 433 1472 loquar,
455 1389 511 1450 aut
535 1382 674 1468 Scyllam
696 1383 784 1472 Nisi,
808 1408 905 1469 quam
926 1385 1013 1449 fama
1035 1390 1178 1451 secutast

201 1483 333 1547 candida
355 1483 548 1548 succinctam
570 1483 764 1547 latrantibus
787 1481 922 1567 inguina
943 1482 1099 1548 monstris
1180 1502 1214 1549 vo

201 1579 367 1644 Dulichias
389 1600 520 1645 vexasse
541 1583 627 1643 retes
652 1583 684 1642 et
707 1579 839 1663 gurgite
861 1578 897 1642 in
919 1579 986 1642 alto

203 1678 234 1741 a!
256 1676 386 1741 timidos
408 1679 524 1740 nautas
547 1675 679 1740 canibus
703 1675 860 1739 lacerasse
881 1674 1032 1740 marinis:

202 1804 259 1864 eut
280 1802 318 1864 ut
339 1803 482 1864 mutatos
505 1799 597 1864 Terei
618 1799 798 1862 narraverit
821 1801 925 1884 artus,

198 1919 282 1980 ,quas
304 1897 354 1960 illi
375 1896 553 1962 Philomela
576 1896 687 1981 dapes,
710 1916 791 1979 quae
815 1895 897 1959 dona
920 1896 1056 1980 pararit,

203 2015 266 2078 qno
289 2015 384 2058 cursu
406 1993 531 2057 deserta
554 1991 717 2077 petiverit,
740 1995 773 2056 et
796 1993 915 2075 quibus
940 1993 1004 2056 alte
1178 2012 1212 2060 80

201 2091 313 2155 infelix
336 2113 394 2155 sua
415 2093 501 2154 tecta
525 2089 827 2172 supervolitaverit
852 2088 937 2153 alis?

202 2266 330 2354 Omnia,
352 2289 433 2352 quae
454 2265 586 2330 Phoebo
610 2265 773 2349 quondam
794 2266 970 2330 meditante
992 2266 1107 2331 beatus

201 2365 303 2430 audiit
324 2363 466 2428 Eurotas
489 2361 648 2446 iussitque
672 2362 810 2426 ediscere
831 2363 957 2449 lauros,

200 2462 256 2526 ille
278 2463 364 2527 canit
386 2457 513 2548 (pulsae
535 2459 678 2523 referunt
701 2460 741 2522 ad
764 2459 867 2524 sidera
889 2457 1020 2547 valles),

201 2579 314 2644 cogere
336 2559 435 2623 donec
458 2578 533 2621 oves
557 2555 694 2620 stabulis
716 2577 949 2640 numerumque
971 2558 1085 2622 referri
1176 2575 1209 2622 aa

139 2649 145 2658 ¹
200 2655 297 2719 iussit
319 2659 352 2719 et
373 2654 476 2718 invito
499 2651 657 2736 processit
681 2650 804 2736 Vesper
828 2650 976 2736 Olympo.

671 3006 757 3088 VII

396 3181 604 3230 MELIBOEUS.
651 3180 824 3228 CORYDON.
872 3181 1027 3230 THYRSIS.

202 3306 251 3371 M.
278 3305 376 3370 Forte
399 3305 458 3369 sub
482 3310 597 3390 arguta
620 3304 805 3369 consederat
827 3307 899 3371 ilice
921 3305 1086 3392 Daphnis,

203 3402 484 3484 compulerantque
508 3422 620 3486 greges
644 3399 795 3482 Corydon
825 3405 857 3464 et
881 3401 1016 3485 Thyrsis
1044 3403 1080 3466 in
1101 3424 1207 3487 unum,

202 3498 337 3580 Thyrsis
361 3518 450 3582 oves,
474 3495 624 3580 Corydon
646 3499 802 3563 distentas
825 3499 908 3564 lacte
931 3499 1083 3585 capellas,
