2556 3966
205 229 270 294 366
530 230 679 286 VERGILI
698 232 829 288 lanais
845 234 883 288 XI

205 390 422 478 ‘armipotens
445 415 571 476 praeses
594 393 682 479 belli,
705 393 850 460 Tritonia
873 397 975 482 virgO,

87 526 89 547 .
204 487 316 572 frange
338 511 435 553 manu
457 491 558 554 telum
580 490 716 576 Phrygii
738 491 908 576 praedonis
931 497 963 556 et
986 494 1094 577 ipsum

83 652 85 670 ,
204 607 342 668 pronum
365 589 469 650 sterne
493 586 562 650 solo
585 587 752 671 portisque
776 588 900 652 effunde
924 590 984 653 sub
1008 591 1105 655 altis’
1163 609 1214 658 455

80 679 84 711 “’
205 680 345 765 cingitur
367 683 436 766 ipse
459 683 568 748 furens
592 685 737 748 certatim
759 684 794 749 in
816 686 938 769 proelia
961 686 1098 752 Turnus.

70 756 77 795 ί
204 777 330 861 iamque
354 779 431 844 adeo
454 780 588 844 rutilum
609 781 741 846 thoraca
763 782 894 846 indutus
918 783 1005 846 a'e'nis

204 874 356 940 horrebat
379 877 520 959 squamis
544 899 698 961 surasque
720 878 893 942 incluserat
916 885 1019 964 auro,

129 1031 132 1044 ,
204 974 348 1055 tempora
370 973 474 1038 nudus
499 973 610 1060 adhuc,
631 974 788 1058 laterique
813 975 991 1040 accinxerat
1015 999 1125 1041 ensem

204 1067 411 1152 fulgebatque
434 1069 499 1132 alta
522 1071 690 1135 decurrens
715 1094 829 1136 aureus
853 1094 932 1158 arce,
1162 1093 1213 1142 leo

123 1178 126 1196 ’
205 1165 390 1250 exultatque
412 1168 527 1232 animis
551 1172 582 1232 et
606 1190 661 1251 spe
684 1169 749 1232 iam
771 1170 927 1253 praecipit
948 1170 1089 1236 hostem:

205 1263 309 1346 qualis
332 1263 389 1327 ubi
412 1265 557 1348 abruptis
581 1266 666 1350 fugit
689 1265 855 1348 praesepia
877 1265 990 1329 vinclis

204 1360 333 1424 tandem
354 1361 436 1426 liber
459 1383 532 1426 ecus
556 1384 731 1446 campoque
753 1361 876 1446 potitus
899 1367 1009 1446 aperto

205 1461 261 1521 aut
284 1457 338 1520 ille
361 1457 396 1522 in
418 1462 530 1542 pastus
554 1463 759 1542 armentaque
782 1459 885 1522 tendit
908 1481 1063 1543 equarum

124 1582 126 1593 ¹
205 1557 261 1618 aut
285 1554 434 1619 adsuetus
458 1578 558 1640 aquae
580 1557 729 1640 perfundi
752 1555 883 1620 flumine
906 1560 1002 1643 noto,
1163 1577 1211 1625 495

123 1708 126 1718 2
205 1651 319 1715 emicat
342 1653 535 1736 arrectisque
557 1653 665 1716 fremit
687 1652 862 1717 cervicibus
887 1654 950 1717 alte

204 1749 381 1834 luxurians,
402 1749 580 1833 luduntque
602 1749 697 1814 iubae
719 1773 776 1834 per
794 1751 885 1835 colla,
907 1773 964 1834 per
987 1775 1103 1818 armos.

206 1845 301 1909 obvia
323 1846 374 1909 cui
397 1845 588 1910 Volscorum
611 1849 676 1911 acie
699 1847 871 1930 comitante
895 1846 1030 1912 Camilla

206 1941 342 2006 occurrit
365 1942 530 2026 portisque
554 1944 594 2008 ab
618 1965 700 2026 equo
723 1945 834 2028 regina
858 1944 918 2008 sub
942 1945 1022 2028 ipsis

205 2038 344 2123 desiluit,
367 2060 463 2122 quam
485 2043 555 2103 tota
578 2039 693 2104 cohors
716 2041 841 2105 imitata
864 2041 984 2106 relictis
1162 2064 1209 2112 500

205 2137 245 2200 ad
267 2140 385 2200 terram
408 2135 540 2200 defluxit
565 2137 670 2221 equis;
692 2140 762 2201 tum
784 2138 863 2202 talia
885 2140 985 2204 fatur:

205 2232 332 2318 ‘Turne
355 2232 406 2295 sui
428 2231 542 2296 merito
566 2233 659 2317 siqua
683 2237 731 2298 est
754 2233 869 2299 fiducia
890 2235 978 2320 forti,
1259 2241 1260 2314 l

205 2328 304 2394 audeo
328 2333 360 2392 et
383 2327 567 2393 Aeneadum
589 2330 743 2413 promitto
763 2353 926 2396 occurrere
947 2336 1071 2398 turmae
1259 2321 1260 2390 l

205 2427 335 2508 solaque
358 2422 542 2506 Tyrrhenos
566 2426 689 2508 equites
712 2428 759 2490 ire
784 2428 880 2493 obvia
902 2433 1020 2495 contra.

203 2545 255 2588 me
278 2523 346 2586 sine
369 2520 473 2603 prima
494 2543 592 2586 manu
614 2526 771 2607 temptare
794 2524 934 2607 pericula
957 2526 1047 2592 belli:
1161 2547 1208 2595 505

203 2625 241 2684 tu
263 2619 358 2702 pedes
382 2616 421 2680 ad
443 2639 552 2681 muros
576 2619 716 2685 subsiste
740 2625 771 2684 et
794 2623 920 2686 moenia
943 2625 1055 2688 serva’

204 2716 331 2779 Turnus
355 2712 503 2798 adhaec,
527 2714 635 2786 oculos
658 2717 817 2782 horrenda
840 2719 874 2782 in
896 2720 1021 2805 virgine
1044 2722 1140 2788 fixus:

204 2814 236 2878 ‘o
260 2812 354 2875 decus
376 2810 490 2876 Italiae
513 2811 614 2896 virg0,
639 2834 718 2894 quas
742 2812 844 2879 dicere
867 2819 975 2900 grates

205 2931 324 2994 quasve
346 2909 463 2972 referre
485 2908 616 2991 parem?
641 2909 695 2972 red
717 2931 817 2995 nunc,
840 2917 889 2976 est
913 2914 1020 2978 omnia
1044 2916 1164 2999 quando

204 3006 265 3069 iste
289 3007 413 3068 animus
438 3026 562 3090 supera,
585 3026 710 3070 mecum
733 3008 853 3089 partire
876 3009 1028 3076 laborem.
1158 3029 1207 3076 510

205 3103 339 3186 Aeneae,
361 3105 398 3164 ut
420 3101 505 3165 fama
527 3101 622 3165 fidem
644 3103 799 3188 missique
822 3108 987 3187 reportant

205 3199 433 3283 exploratores,
456 3199 601 3281 equitum
624 3198 707 3262 levia
730 3200 896 3282 improbus
916 3225 1004 3267 arma

204 3295 381 3379 praemisit,
405 3298 573 3377 quaterent
595 3317 737 3380 campos3
760 3297 829 3379 ipse
853 3298 951 3363 ardua
973 3301 1092 3364 montis

205 3414 263 3475 per
287 3391 412 3454 deserta
434 3390 510 3475 iugo
536 3414 690 3474 superans
714 3392 864 3456 adventat
887 3394 926 3457 ad
948 3395 1068 3461 urbem.

205 3489 294 3552 furta
317 3507 396 3569 paro
419 3485 496 3549 belli
519 3508 659 3552 convexo
682 3489 717 3552 in
740 3491 868 3554 tramite
892 3491 999 3577 silvae,
1158 3511 1206 3556 515
