2514 3966
196 230 263 294 354
510 207 662 286 'vanarn
681 229 813 286 anneis
833 229 870 286 11

195 395 270 474 post
292 390 431 455 bellator
454 412 526 454 eous
550 391 666 474 positis
689 391 870 476 insignibus
893 391 1023 457 Aethon

196 489 223 552 it
245 488 416 552 lacrimans
439 488 605 573 guttisque
623 491 764 554 umectat
787 489 961 573 grandibus
984 511 1049 553 ora.
1174 506 1205 553 so

194 585 322 649 hastam
346 585 402 649 alii
426 585 612 669 galeamque
634 586 752 670 ferunt,
773 607 848 648 nam
871 589 976 650 cetera
999 585 1130 650 Turnus

195 682 299 746 victor
321 681 426 746 habet.
464 685 534 746 tum
556 686 678 746 maesta
698 681 838 764 phalanx
857 681 1034 765 Teucrique
1056 685 1205 748 secuntur

196 778 417 861 Tyrrhenique
441 800 550 844 omnes
574 783 606 843 et
628 779 728 843 versis
751 777 890 842 Arcades
913 779 1019 842 armis.

195 878 367 960 postquam
391 875 494 940 omnis
517 876 613 960 longe
636 875 790 940 comitum
812 879 1027 958 praecesserat
1051 875 1140 960 ordo,

196 972 344 1036 substitit
367 971 491 1036 Aeneas
516 973 702 1057 gemituque
724 972 802 1036 haec
826 971 947 1036 addidit
971 971 1049 1036 alto:
1174 987 1204 1036 95

158 1059 162 1113 l
196 1069 266 1132 ‘nos
290 1068 368 1132 alias
389 1068 465 1132 hinc
489 1068 528 1132 ad
551 1068 697 1132 lacrimas
721 1068 830 1132 eadem
852 1068 983 1140 horrida
1006 1069 1084 1132 belli

160 1177 164 1233 i
194 1165 262 1230 fata
284 1169 412 1230 vocant:
436 1165 522 1230 salve
546 1170 710 1230 aeternum
733 1165 822 1250 mihi,
845 1166 982 1232 maxime
1005 1164 1107 1252 Palla,

158 1260 165 1344 ,i
195 1267 422 1346 aeternumque
444 1262 535 1326 rale’
579 1284 637 1326 nec
660 1263 757 1346 plura
773 1263 888 1326 effatus
912 1263 951 1327 ad
974 1263 1058 1327 altos

196 1359 347 1423 tendebat
370 1380 479 1424 muros
502 1380 710 1444 gressumque
733 1359 766 1423 in
790 1363 898 1424 castra
914 1359 1046 1424 ferebat.

238 1454 369 1539 Iamque
393 1459 536 1520 oratores
559 1456 690 1520 aderant
713 1478 751 1520 ex
775 1456 854 1521 urbe
877 1456 1003 1544 Latina,
1155 1473 1201 1520 roo

194 1553 291 1616 velati
314 1553 411 1616 ramis
436 1553 523 1617 oleae
546 1553 734 1637 veniamque
756 1557 920 1637 rogantes:

194 1669 337 1735 corpora,
359 1671 416 1732 per
439 1672 567 1733 campos
590 1650 675 1714 ferro
700 1672 780 1733 quae
802 1650 875 1714 fusa
897 1650 1055 1736 iacebant,

194 1746 339 1811 redderet
362 1769 397 1810 ao
420 1748 545 1812 tumulo
569 1747 688 1812 sineret
712 1747 875 1812 succedere
898 1752 1018 1832 terrae3

193 1844 319 1908 nullum
342 1866 414 1908 cum
436 1844 530 1908 victis
555 1849 714 1910 certamen
737 1847 769 1910 et
793 1843 920 1908 aethere
943 1845 1059 1929 cassis3

197 1945 341 2024 parceret
364 1940 549 2025 hospitibus
574 1941 731 2024 quondam
757 1941 936 2024 socerisque
958 1942 1089 2008 vocatis.
1153 1959 1198 2006 105

195 2057 276 2119 quos
299 2037 403 2101 bonus
426 2037 550 2102 Aeneas
573 2037 654 2101 hant
677 2038 877 2121 aspernanda
899 2039 1061 2121 precantis

194 2133 400 2216 prosequitur
422 2134 515 2198 venia
538 2137 570 2197 et
592 2133 699 2198 verbis
722 2134 801 2198 haec
824 2135 954 2218 insuper
978 2135 1079 2200 addit:

195 2230 364 2312 ‘quaenam
387 2251 444 2293 vos
467 2234 559 2294 tanto
582 2224 713 2297 fortuna
736 2231 878 2317 indigna,
900 2231 1018 2318 Latini,
1119 2243 1129 2261 ”“

194 2325 354 2409 implicuit
377 2326 472 2412 bello,
495 2329 550 2411 qui
573 2349 634 2391 nos
657 2328 790 2412 fugiatis
815 2329 955 2392 amicos?

193 2445 303 2506 pacem
325 2445 376 2486 me
399 2423 554 2488 exanimis
578 2427 610 2486 et
633 2423 748 2488 Martis
773 2430 860 2490 sorte
883 2426 1058 2509 peremptis
1151 2442 1197 2490 110
1247 2485 1248 2504 ,

195 2519 316 2582 oratis?
340 2519 486 2603 equidem
509 2523 541 2584 et
564 2520 646 2584 vivis
669 2522 838 2587 concedere
861 2521 984 2585 vellem.
1041 2589 1044 2594 ,
1247 2505 1248 2520 ’

193 2637 250 2678 neo
273 2616 355 2700 veni,
376 2617 440 2680 nisi
462 2616 530 2680 fata
552 2616 659 2680 locum
682 2617 850 2702 sedemque
874 2617 1044 2704 dedissent,

193 2733 250 2776 nec
273 2713 394 2777 bellurn
417 2735 489 2778 oum
512 2717 606 2798 gente
629 2734 719 2798 gero:
743 2737 798 2779 rex
820 2719 933 2780 nostra
955 2715 1088 2800 reliquit

194 2808 335 2892 hospitia
359 2814 391 2873 et
414 2809 514 2874 Turni
537 2811 646 2892 potius
670 2832 703 2876 se
726 2811 859 2876 credidit
886 2813 989 2876 armis.

195 2907 327 2990 aequius
350 2907 426 2972 huic
449 2907 592 2972 Turnum
615 2907 719 2972 fuerat
744 2931 778 2972 se
802 2931 963 2992 opponere
984 2911 1091 2976 morti.
1149 2925 1195 2974 115

195 3004 223 3066 si
245 3003 366 3067 bellum
389 3004 481 3068 finire
504 3026 610 3088 manu,
632 3005 659 3068 si
682 3005 800 3088 pellere
822 3005 961 3070 Teucros

195 3104 337 3186 apparat,
359 3101 411 3164 his
434 3123 557 3166 meeum
580 3101 686 3164 docuit
710 3123 896 3166 concurrere
918 3103 1005 3168 telis:

194 3197 291 3281 vixet,
314 3197 365 3260 oui
387 3197 487 3262 vitam
511 3198 588 3260 deus
613 3201 669 3262 aut
692 3219 749 3262 sua
772 3197 884 3265 dextra
906 3199 1052 3265 dedisset.

194 3311 279 3353 nuno
301 3291 346 3353 ite
370 3295 402 3354 et
424 3292 549 3356 miseris
574 3295 745 3376 supponite
768 3295 892 3360 civibus
915 3297 1043 3380 ignem?

195 3385 318 3448 dixerat
341 3387 472 3452 Aeneas.
519 3389 567 3452 illi
591 3391 774 3473 obstipuere
797 3392 927 3457 silentes
1148 3409 1193 3456 110

193 3481 402 3562 conversique
426 3483 534 3546 oeulos
558 3483 641 3548 inter
665 3508 698 3550 se
722 3491 817 3570 atque
841 3510 897 3553 ora
919 3489 1079 3554 tenebant.
