2574 3964
363 216 513 272 VERGILI
531 215 740 272 GEORGICON
758 215 811 269 1111
1048 211 1090 277 83

80 380 240 444 excudunt
263 402 351 444 ceras
375 383 407 443 et
430 379 526 444 mella
548 377 672 442 tenacia
694 377 830 462 fingrmt.

80 477 131 540 hic
154 477 212 541 ubi
234 478 300 541 iam
323 477 476 541 emissum
498 476 601 540 caveis
626 475 666 538 ad
688 474 792 538 sidera
814 473 893 538 caeli

79 595 155 636 nare
178 594 235 656 per
259 575 415 637 aestatem
437 572 593 656 liquidam
616 571 796 655 suspexeris
820 591 935 655 agmen

80 669 312 752 obscuramque
334 668 422 732 trahi
445 673 541 734 vento
564 668 721 734 mirabere
742 668 877 752 nubem,
1055 682 1090 731 60

79 767 327 860 contemplator:
351 788 450 850 aquas
473 766 574 831 dulcis
598 769 630 831 et
652 765 783 830 frondea
806 786 930 847 semper

78 866 163 927 tecta
185 866 309 946 petunt.
353 863 417 926 huc
439 866 477 926 tu
499 867 591 928 tusos
614 883 747 947 asperge
771 883 915 946 sapores,

78 959 157 1023 trita
178 960 385 1043 melisphylla
408 964 446 1023 et¹
463 959 625 1024 cerinthae
647 960 790 1046 ignobile
814 979 958 1044 gramen,

78 1057 281 1140 tinnitusque
304 1058 351 1121 eie
374 1060 406 1120 et
429 1056 544 1121 Matris
568 1061 664 1141 quate
687 1057 833 1140 cymbala
855 1055 987 1119 circum:

78 1155 167 1239 ipsae
190 1155 359 1221 consident
381 1154 546 1218 medicatis
570 1154 713 1237 sedibus,
735 1153 823 1237 ipsae
1054 1167 1088 1218 et

77 1253 203 1316 intuma
225 1273 314 1316 more
338 1273 396 1316 suo
420 1272 489 1316 sese
511 1251 545 1314 in
568 1237 726 1314 cunabula
749 1250 893 1314 condent.

121 1347 181 1412 Sin
204 1353 313 1413 autem
335 1349 375 1412 ad
402 1368 544 1433 pugnam
568 1347 704 1411 exierint
734 1344 824 1434 (nam
847 1368 941 1430 saepe
964 1345 1088 1410 duobus

76 1446 209 1531 regibus
231 1443 364 1510 incessit
386 1464 505 1528 magno
529 1444 687 1508 discordia
709 1448 813 1528 motu;

76 1543 295 1625 continuoque
318 1540 441 1604 animos
465 1541 554 1625 volgi
577 1545 609 1605 et
631 1539 826 1623 trepidantia
848 1540 933 1604 bello

76 1639 173 1703 corda
195 1639 272 1703 licet
294 1639 391 1722 longe
413 1637 637 1721 praesciscere:
659 1660 797 1722 namque
819 1639 975 1703 morantis
1055 1656 1088 1705 το

76 1735 216 1800 Martius
239 1736 294 1800 ille
318 1735 400 1798 aeris
423 1734 512 1798 rauci
534 1756 630 1799 canor
652 1735 809 1822 increpat,
831 1739 864 1800 et
886 1757 949 1801 vox

76 1833 208 1897 auditur
231 1833 350 1897 fractos
376 1832 502 1896 sonitus
525 1832 653 1896 imitata
675 1833 839 1917 tubarum3

76 1935 148 1994 tum
171 1929 315 2013 trepidae
337 1930 422 1994 inter
446 1951 479 1994 se
502 1933 617 1994 coeunt
639 1931 811 2014 pinnisque
834 1936 1002 1996 coruscant

76 2027 265 2110 spiculaque
288 2029 446 2090 exacuunt
468 2025 584 2090 rostris
608 2030 784 2110 aptantque
805 2027 957 2113 lacertos,-

76 2131 109 2189 et
133 2126 218 2189 circa
240 2145 348 2208 regem
372 2128 468 2207 atque
490 2124 562 2207 ipsa
585 2124 624 2188 ad
646 2124 807 2208 praetoria
830 2125 945 2189 densae
1054 2142 1087 2193 75

76 2221 255 2285 miscentur
277 2219 466 2304 magnisque
488 2226 605 2284 vocant
628 2222 821 2286 clamoribus
843 2221 998 2310 hostem),

76 2339 155 2404 ergo
178 2318 237 2382 ubi
258 2339 314 2381 ver
335 2321 470 2381 nanctae
493 2318 608 2382 sudum
631 2340 823 2403 camposque
844 2321 985 2404 patentis

77 2418 253 2499 erumpunt
275 2414 393 2498 portis:
418 2415 632 2502 concurritur,
655 2417 781 2481 aethere
803 2417 838 2481 in
861 2416 926 2480 alto

76 2514 114 2576 fit
139 2512 283 2596 sonitus,
304 2533 459 2596 magnum
482 2513 601 2576 mixtae
625 2513 844 2598 glomerantur
866 2513 902 2576 in
924 2513 1033 2577 orbem

77 2609 334 2692 praecipitesque
357 2609 489 2694 cadunt3
511 2631 577 2674 non
600 2611 727 2675 densior
750 2617 821 2676 a'e‘re
844 2611 978 2698 grand0‚
1054 2629 1088 2678 80

76 2729 136 2771 nec
158 2706 197 2769 de
221 2725 375 2769 concussa
397 2709 525 2769 tantum
546 2707 631 2790 pluit
653 2707 724 2771 ilice
747 2708 881 2793 glandis.

78 2804 141 2887 ipsi
162 2824 222 2887 per
244 2801 364 2866 medias
389 2802 471 2866 acies
493 2801 675 2888 insignibus
700 2803 759 2867 alis
1113 2841 1121 2905 χ

78 2901 220 2987 ingentis
244 2899 368 2963 animos
393 2904 529 2984 angusto
552 2901 587 2963 in
609 2903 736 2982 pectore
758 2905 902 2986 versant,
1118 2910 1121 2921 “

78 3018 179 3082 usque
203 2995 283 3060 adeo
307 2996 418 3060 obnixi
440 3018 507 3060 non
530 2997 638 3060 cedere
644 3049 653 3082 ‚
676 2997 751 3060 dum
774 2998 881 3082 gravis
905 3002 960 3062 aut
982 2999 1042 3062 hos

77 3099 132 3159 aut
154 3094 217 3158 hos
241 3115 334 3157 versa
356 3094 434 3178 fuga
456 3094 559 3158 victor
582 3093 656 3157 dare
678 3097 772 3179 terga
795 3095 931 3180 subegit.
1054 3112 1088 3160 85

76 3190 109 3255 hi
132 3193 244 3256 motus
268 3191 448 3255 animorum
471 3195 566 3274 atque
588 3191 666 3254 haec
688 3192 862 3256 certamina
884 3197 976 3257 tanta

74 3288 219 3371 pulveris
244 3287 352 3372 exigui
374 3288 461 3352 iactu
484 3309 664 3372 compressa
688 3289 859 3372 quiescent.

73 3409 187 3451 rerum
210 3383 269 3449 ubi
293 3384 442 3450 ductores
465 3383 530 3448 acie
553 3387 749 3450 resccaveris
773 3388 882 3473 ambe,

72 3483 216 3548 deterior
240 3481 297 3566 qui
319 3484 422 3569 visus,
445 3504 531 3568 enm,
552 3505 593 3548 ne
615 3483 769 3568 prodigus
793 3484 894 3570 obsit,

893 3587 927 3639 6⁸
