2612 3964
150 55 219 182 s

86 187 147 300 s
199 223 263 286 146
531 223 682 278 VERGILI
700 223 832 278 AENEIS
851 225 878 278 Il

9 301 78 412 s

197 385 356 470 venimus3
378 386 432 449 hic
454 385 582 449 demum
605 386 747 450 collectis
771 387 921 450 omnibus
944 409 1008 451 una

199 481 300 545 defuit
326 487 358 546 et
381 483 514 547 comites
536 487 712 566 natumque
736 483 903 566 virumque
926 483 1048 548 fefellit.

200 601 295 661 quem
308 601 375 643 non
387 580 531 644 incusavi
546 601 655 643 amens
669 579 900 662 hominumque
914 579 1120 668 deorumque,
1162 597 1212 646 '145

199 679 255 738 aut
279 676 356 760 quid
377 677 413 741 in
436 699 545 741 eversa
567 677 633 740 vidi
657 675 814 739 crudelius
837 675 938 740 urbe?

198 769 373 837 Ascanium
396 773 622 857 Anchisenque
644 776 770 856 patrem
792 771 995 857 Teucrosque
1017 777 1146 858 penatis

199 871 385 935 commendo
410 871 505 935 sociis
529 874 561 933 et
585 892 681 960 cha
703 869 787 963 uelle
809 871 954 935 recondo.

200 965 283 1050 [ipse
306 967 419 1030 urbem
442 971 551 1050 repeto
576 971 608 1030 et
631 967 743 1051 cingor
765 967 965 1052 fulgentibus
990 969 1112 1053 armis]

201 1065 266 1125 stat
289 1084 380 1128 casus
403 1085 557 1128 renovare
581 1063 685 1127 omnis
710 1084 900 1147 omnemque
922 1067 1039 1129 reuerti
1163 1085 1215 1134 uto

199 1181 257 1242 per
279 1159 410 1225 Troiam
432 1165 465 1224 et
487 1181 599 1224 rursus
623 1163 719 1242 caput
742 1159 901 1224 obiectare
924 1163 1061 1244 periclis.

200 1256 357 1340 principio
381 1279 491 1322 muros
516 1257 714 1339 obscuraque
737 1255 849 1319 limina
871 1262 999 1344 portae,

201 1376 265 1436 qua
287 1375 433 1439 gressum
457 1354 647 1437 extuleram,
670 1355 780 1434 repeto
803 1357 835 1416 et
858 1353 996 1438 vestigia
1018 1358 1106 1419 retro

202 1451 371 1516 observata
395 1473 511 1535 sequor
532 1473 589 1534 per
611 1451 739 1513 noctem
761 1452 795 1512 et
816 1449 937 1512 lumine
959 1449 1080 1514 lustro:

200 1547 316 1611 horror
338 1547 458 1630 ubique
481 1545 602 1630 animo,
625 1544 723 1608 simul
745 1543 814 1628 ipsa
839 1545 967 1608 silentia
989 1548 1122 1611 terrent.
1164 1567 1216 1614 755

201 1644 274 1707 inde
297 1644 427 1708 domum
451 1643 479 1706 si
502 1644 588 1707 forte
610 1642 736 1727 pedem,
759 1641 788 1705 si
809 1643 894 1705 forte
915 1642 1059 1730 tulisset,

201 1762 253 1805 me
289 1741 406 1804 refero:
441 1741 608 1804 inruerant
639 1737 743 1802 Danai
780 1741 812 1802 et
848 1740 969 1801 tectum
1002 1760 1096 1805 omne
1130 1745 1215 1806 tene-

997 1835 1085 1901 bant.

201 1936 289 1999 ilicet
311 1934 396 2019 ignis
420 1934 499 1997 edax
523 1955 648 1998 summa
671 1931 711 1996 ad
733 1932 866 2016 fastigia
887 1936 984 1996 vento

202 2031 356 2116 volvitur,
379 2033 572 2112 exsuperant
595 2030 757 2114 flammae,
780 2017 860 2092 furit
884 2033 991 2093 aestus
1015 2031 1056 2094 ad
1080 2054 1186 2098 auras.

201 2127 337 2212 procedo
361 2131 394 2190 et
416 2125 536 2190 Priami
560 2126 649 2190 sedes
674 2147 840 2208 arcemque
863 2125 981 2190 reviso:
1166 2149 1216 2197 aco

202 2229 234 2288 et
256 2225 322 2288 iam
343 2223 522 2307 porticibus
546 2222 655 2286 vacuis
678 2222 812 2286 Iunonis
836 2222 924 2305 asylo

202 2320 349 2386 custodes
372 2320 448 2384 lecti
469 2317 613 2383 Phoenix
637 2323 669 2382 et
693 2319 780 2382 dirus
804 2317 915 2383 Ulixes

202 2418 352 2502 praedam
375 2417 595 2480 adservabant.
640 2416 704 2480 huc
725 2416 867 2500 undique
890 2415 987 2480 Troia
1010 2437 1090 2502 gaza

202 2515 340 2580 incensis
363 2518 473 2597 erepta
496 2513 600 2596 adytis
623 2535 814 2596 mensaeque
838 2513 970 2577 deorum

203 2617 402 2695 crateresque
426 2633 505 2674 auro
528 2611 624 2674 solidi
647 2611 837 2693 captivaque
860 2611 960 2674 vestis
1062 2647 1064 2652 .
1167 2634 1217 2694 ⁷⁶5

204 2710 396 2795 congeritur.
441 2708 534 2792 pueri
558 2711 590 2772 et
612 2708 745 2790 pavidae
768 2707 867 2791 longo
891 2709 1001 2772 ordine
1023 2715 1147 2776 matres

204 2811 292 2871 stant
316 2807 443 2870 circum.

204 2925 300 2967 ausus
325 2903 523 2986 quinetiam
547 2923 640 2966 voces
663 2901 782 2964 iactare
805 2924 862 2985 per
884 2903 1032 2966 umbram

203 3000 335 3082 implevi
358 2999 496 3062 clamore
518 2999 586 3062 vias
610 3003 815 3082 maestusque
838 2997 991 3064 Creusam

203 3096 400 3179 nequiquam
413 3097 615 3181 ingeminans
629 3096 812 3179 iterumque
825 3098 1007 3181 iterumque
1020 3101 1145 3166 vocavi.
1170 3120 1221 3168 770

205 3193 372 3277 quaerenti
395 3197 427 3256 et
449 3193 544 3256 tectis
567 3192 658 3256 urbis
682 3193 750 3256 sine
773 3194 836 3256 fine
858 3195 966 3256 ruenti

204 3291 317 3355 infelix
342 3291 547 3354 simulacrum
571 3293 667 3374 atque
689 3291 791 3374 ipsius
814 3291 929 3355 umbra
952 3289 1091 3358 Creusae

205 3390 275 3454 visa
298 3388 379 3452 mihi
403 3393 476 3452 ante
501 3388 610 3452 oculos
635 3392 667 3452 et
689 3393 767 3452 nota
789 3389 892 3453 maior
914 3389 1031 3474 imago.

207 3485 362 3571 obstipui,
376 3488 598 3569 steteruntque
612 3506 719 3550 comae
734 3490 766 3550 et
780 3508 842 3550 vox
855 3486 1002 3551 faucibus
1016 3487 1134 3556 haesit.
1172 3509 1222 3558 'm
