2514 3966
199 225 263 289 308
522 223 669 279 VERGILI
687 225 819 278 AENEIS
837 225 875 278 IX

199 389 274 452 vina
296 389 394 452 refert
416 388 571 473 moriens3
593 386 647 451 hie
669 387 757 450 furto
781 387 922 451 fervidus
945 387 1055 450 instat.
1152 405 1201 452 355

199 487 325 569 iamque
349 484 387 548 ad
410 484 551 569 Messapi
574 484 677 549 socios
701 483 864 568 tendebat3
886 483 934 548 ibi
956 483 1065 568 ignem

200 583 331 647 deficere
354 586 532 646 extremum
556 585 587 645 et
610 581 764 666 religatos
787 580 849 644 rite
872 581 1001 646 videbat

200 701 327 763 carpere
351 700 482 765 gramen
506 701 618 762 equos:
641 678 782 742 breviter
805 700 877 742 cum
899 678 978 742 talia
1001 676 1103 742 Nisus

201 774 316 862 (sensit
340 775 424 838 enim
445 775 547 838 nimia
570 773 662 838 caede
686 779 783 858 atque
806 776 954 859 cupidine
977 773 1071 862 ferri)

200 873 419 962 ‘absistamusff
443 871 498 958 ait,
522 872 608 938 ‘nam
629 872 686 935 lux
709 872 839 935 inimica
861 873 1068 957 propinquat.
1154 890 1200 937 355

200 992 375 1053 poenarum
398 968 589 1033 exhaustum
614 969 692 1032 satis
716 973 774 1053 est,
796 969 849 1034 515
871 969 955 1033 15555
977 991 1035 1052 per
1057 969 1177 1034 hostis’

200 1068 303 1131 multa
325 1066 430 1131 virum
453 1065 555 1129 solido
580 1070 713 1150 argento
736 1066 877 1149 perfecta
900 1067 1059 1130 relincunt

201 1186 351 1247 annaque
374 1168 577 1249 craterasque
600 1161 696 1225 simul
718 1161 935 1247 pulchrosque
957 1168 1092 1246 tapetas.

200 1260 363 1343 Euryalus
385 1258 534 1343 phaleras
557 1257 748 1323 Rhamnetis
771 1262 804 1323 55
827 1281 923 1323 55555
945 1259 1044 1324 bullis

201 1357 338 1442 cingula,
361 1355 489 1421 Tiburti
511 1355 648 1420 Remulo
672 1356 850 1420 ditissimus
874 1357 951 1421 olim
1156 1375 1201 1423 355

202 1477 283 1539 quae
305 1455 408 1518 mittit
431 1454 514 1518 dona
536 1452 679 1536 hospitio
703 1475 775 1517 cum
797 1454 945 1538 iungeret
969 1455 1084 1520 absens

202 1551 354 1617 Caedicus
378 1549 448 1638 (ille
471 1572 529 1615 555
552 1551 692 1615 moriens
716 1551 770 1614 dat
792 1550 910 1615 habere
933 1550 1070 1639 nepoti),

203 1649 292 1733 [post
314 1652 452 1712 mortem
473 1646 558 1712 bello
581 1645 696 1712 Rutuli
719 1668 890 1732 pugnaque
911 1649 1025 1734 potiti]

201 1743 280 1808 haec
301 1744 387 1826 rapit
411 1748 507 1827 atque
529 1744 648 1808 umeris
670 1745 867 1829 nequiquam
888 1746 1030 1810 fortibus
1055 1750 1150 1830 aptat.

202 1847 272 1905 tum
295 1842 418 1926 galeam
442 1841 582 1924 Messapi
603 1840 742 1905 habilem
767 1841 938 1926 cristisque
961 1842 1108 1910 decoram
1157 1861 1199 1910 355

202 1938 315 2002 induit.
360 1938 516 2002 excedunt
539 1938 652 2004 5555515
676 1942 708 2002 55
731 1943 803 2004 5555
826 1944 1006 2023 capessunt.

245 2035 372 2100 Interea
394 2034 563 2119 praemissi
587 2034 710 2117 equites
734 2057 772 2100 ex
795 2037 874 2100 urbe
897 2035 1023 2124 Latina,

203 2135 308 2197 cetera
330 2133 406 2195 dum
427 2132 513 2217 legio
536 2132 657 2215 campis
679 2132 838 2197 instructa
859 2138 1014 2221 moratur,

202 2231 293 2294 ibant
316 2234 348 2294 55
371 2229 481 2294 Turno
504 2229 574 2314 regi
596 2251 750 2312 responsa
772 2229 926 2315 ferebant,

202 2331 391 2412 tercentum,
414 2328 532 2392 scutati
555 2346 675 2410 omnes,
697 2324 852 2392 Volcente
875 2328 1042 2413 magistro.
1157 2347 1199 2395 355

202 2425 330 2509 iamque
351 2423 613 2509 propinquabant
636 2423 750 2488 5555515
773 2446 945 2508 murosque
969 2427 1131 2514 subibant,

202 2543 274 2584 cum
296 2521 409 2604 procul
430 2519 491 2585 hos
514 2519 604 2584 15555
628 2519 785 2584 flectentis
808 2521 912 2585 limite
934 2528 1078 2606 cernunt,

202 2621 235 2681 et
258 2619 350 2702 galea
372 2617 551 2700 Euryalum
574 2617 732 2681 sublustri
752 2619 858 2684 noctis
881 2619 916 2683 in
938 2621 1053 2686 umbra

202 2714 343 2796 prodidit
365 2715 583 2778 immemorem
605 2713 765 2796 radiisque
789 2715 921 2780 adversa
943 2718 1077 2784 refulsit.

202 2809 281 2875 haut
295 2815 413 2874 temere
427 2815 476 2874 555
490 2811 603 2874 visum.
627 2811 804 2875 conclamat
817 2813 858 2877 ab
870 2813 1196 2898 agmineVolcensnra

203 2908 308 2994 ‘stata
330 2909 400 2972 5151.
447 2931 527 2992 quae
551 2908 762 2972 causariae?
809 2911 904 2994 quive
927 2912 1004 2975 55515
1028 2914 1062 2976 in
1085 2915 1192 2978 armis?

204 3027 306 3088 quove
329 3006 445 3070 tenetis
468 3005 563 3070 iter?'
595 3004 677 3068 nihil
700 3005 750 3068 illi
771 3008 901 3072 tendere
923 3012 1044 3096 contra,

203 3102 259 3166 sed
281 3102 417 3167 celerare
439 3104 550 3188 fugam
572 3103 606 3165 in
630 3103 728 3166 silvas
751 3107 784 3167 et
805 3104 902 3168 fidere
923 3107 1020 3172 nocti.

203 3199 347 3263 obiciunt
370 3201 493 3284 equites
519 3221 587 3264 sese
610 3199 650 3262 ad
673 3199 811 3265 divortia
832 3205 910 3266 nota

201 3295 276 3359 hino
291 3299 387 3381 atque
400 3297 476 3361 hino
495 3317 685 3379 omnemque
700 3296 824 3363 abitum
842 3298 973 3364 custode
993 3304 1196 3368 coronantaso

203 3394 284 3458 silva
306 3393 368 3456 fuit
390 3394 455 3457 late
478 3395 582 3458 dumis
607 3399 704 3479 atque
726 3395 798 3459 ilice
816 3395 910 3479 nigra

202 3490 340 3576 horrida,
364 3512 460 3575 quam
483 3492 572 3556 densi
595 3493 792 3578 complerant
814 3493 1098 3580 undiquesentes3
