<?xml version="1.0" encoding="UTF-8"?>
<!DOCTYPE html PUBLIC "-//W3C//DTD XHTML 1.0 Transitional//EN"
    "http://www.w3.org/TR/xhtml1/DTD/xhtml1-transitional.dtd">
<html xmlns="http://www.w3.org/1999/xhtml" xml:lang="en" lang="en">
 <head>
  <title>
</title>
<meta http-equiv="Content-Type" content="text/html;charset=utf-8" />
  <meta name='ocr-system' content='tesseract 3.04.00' />
  <meta name='ocr-capabilities' content='ocr_page ocr_carea ocr_par ocr_line ocrx_word'/>
</head>
<body>
  <div class='ocr_page' id='page_1' title='image "./pvergilimaronis11virggoog/pvergilimaronis11virggoog_0030.png"; bbox 0 0 2580 3962; ppageno 0'>
   <div class='ocr_carea' id='block_1_1' title="bbox 282 265 1086 338">
    <p class='ocr_par' dir='ltr' id='par_1_1' title="bbox 282 265 1086 338">
     <span class='ocr_line' id='line_1_1' title="bbox 282 265 1086 338; baseline 0 -20"><span class='ocrx_word' id='word_1_1' title='bbox 282 265 312 319; x_wconf 92' lang='lat' dir='ltr'><strong>P.</strong></span> <span class='ocrx_word' id='word_1_2' title='bbox 332 265 480 319; x_wconf 80' lang='lat' dir='ltr'><strong>VERGILI</strong></span> <span class='ocrx_word' id='word_1_3' title='bbox 498 265 663 320; x_wconf 78' lang='lat' dir='ltr'><strong>MARONlS</strong></span> <span class='ocrx_word' id='word_1_4' title='bbox 682 266 878 321; x_wconf 81' lang='lat' dir='ltr'><strong>NARRATIO.</strong></span> <span class='ocrx_word' id='word_1_5' title='bbox 1048 265 1086 338; x_wconf 71' lang='lat' dir='ltr'><strong>ill</strong></span> 
     </span>
    </p>
   </div>
   <div class='ocr_carea' id='block_1_2' title="bbox 35 426 1089 1966">
    <p class='ocr_par' dir='ltr' id='par_1_2' title="bbox 73 426 1088 706">
     <span class='ocr_line' id='line_1_2' title="bbox 73 426 1086 513; baseline 0.001 -24"><span class='ocrx_word' id='word_1_6' title='bbox 73 426 198 490; x_wconf 83' lang='lat' dir='ltr'><strong>salibus</strong></span> <span class='ocrx_word' id='word_1_7' title='bbox 228 427 347 510; x_wconf 89' lang='lat' dir='ltr'><strong>quibus</strong></span> <span class='ocrx_word' id='word_1_8' title='bbox 374 431 470 491; x_wconf 89' lang='lat' dir='ltr'><strong>natus</strong></span> <span class='ocrx_word' id='word_1_9' title='bbox 498 432 579 511; x_wconf 79' lang='lat' dir='ltr'><strong>erat,</strong></span> <span class='ocrx_word' id='word_1_10' title='bbox 613 429 663 491; x_wconf 92' lang='lat' dir='ltr'><strong>die</strong></span> <span class='ocrx_word' id='word_1_11' title='bbox 690 428 790 493; x_wconf 86' lang='lat' dir='ltr'><strong>natali</strong></span> <span class='ocrx_word' id='word_1_12' title='bbox 819 450 891 513; x_wconf 90' lang='lat' dir='ltr'><strong>suo,</strong></span> <span class='ocrx_word' id='word_1_13' title='bbox 924 450 987 512; x_wconf 88' lang='lat' dir='ltr'><strong>quo</strong></span> <span class='ocrx_word' id='word_1_14' title='bbox 1015 427 1086 512; x_wconf 88' lang='lat' dir='ltr'><strong>ipso</strong></span> 
     </span>
     <span class='ocr_line' id='line_1_3' title="bbox 73 523 1088 610; baseline 0.002 -24"><span class='ocrx_word' id='word_1_15' title='bbox 73 523 244 588; x_wconf 87' lang='lat' dir='ltr'><strong>Lueretius</strong></span> <span class='ocrx_word' id='word_1_16' title='bbox 268 528 364 608; x_wconf 88' lang='lat' dir='ltr'><strong>poeta</strong></span> <span class='ocrx_word' id='word_1_17' title='bbox 382 524 449 588; x_wconf 86' lang='lat' dir='ltr'><strong>vita</strong></span> <span class='ocrx_word' id='word_1_18' title='bbox 472 525 615 608; x_wconf 78' lang='lat' dir='ltr'><strong>decessit,</strong></span> <span class='ocrx_word' id='word_1_19' title='bbox 638 530 715 610; x_wconf 84' lang='lat' dir='ltr'><strong>toga</strong></span> <span class='ocrx_word' id='word_1_20' title='bbox 734 523 852 608; x_wconf 83' lang='lat' dir='ltr'><strong>virili1)</strong></span> <span class='ocrx_word' id='word_1_21' title='bbox 871 525 1088 589; x_wconf 84' lang='lat' dir='ltr'>Mediolanum</span> 
     </span>
     <span class='ocr_line' id='line_1_4' title="bbox 73 617 1086 706; baseline 0.001 -23"><span class='ocrx_word' id='word_1_22' title='bbox 73 627 296 705; x_wconf 85' lang='lat' dir='ltr'><strong>transgressus</strong></span> <span class='ocrx_word' id='word_1_23' title='bbox 324 621 420 704; x_wconf 89' lang='lat' dir='ltr'><strong>paulo</strong></span> <span class='ocrx_word' id='word_1_24' title='bbox 448 626 522 704; x_wconf 91' lang='lat' dir='ltr'><strong>post</strong></span> <span class='ocrx_word' id='word_1_25' title='bbox 549 643 632 685; x_wconf 90' lang='lat' dir='ltr'><strong>anno</strong></span> <span class='ocrx_word' id='word_1_26' title='bbox 659 619 776 705; x_wconf 69' lang='lat' dir='ltr'>701s53</span> <span class='ocrx_word' id='word_1_27' title='bbox 798 618 935 684; x_wconf 84' lang='lat' dir='ltr'><strong>Romam</strong></span> <span class='ocrx_word' id='word_1_28' title='bbox 958 620 1046 684; x_wconf 85' lang='lat' dir='ltr'><strong>venit</strong></span> <span class='ocrx_word' id='word_1_29' title='bbox 1064 617 1086 706; x_wconf 86' lang='lat'><strong>).</strong></span> 
     </span>
    </p>

    <p class='ocr_par' dir='ltr' id='par_1_3' title="bbox 35 717 1089 1774">
     <span class='ocr_line' id='line_1_5' title="bbox 139 717 1088 801; baseline 0 -21"><span class='ocrx_word' id='word_1_30' title='bbox 139 717 193 781; x_wconf 93' lang='lat' dir='ltr'><strong>Ibi</strong></span> <span class='ocrx_word' id='word_1_31' title='bbox 216 718 357 801; x_wconf 89' lang='lat' dir='ltr'><strong>primum</strong></span> <span class='ocrx_word' id='word_1_32' title='bbox 375 718 568 782; x_wconf 76' lang='lat' dir='ltr'><strong>rhetoricam</strong></span> <span class='ocrx_word' id='word_1_33' title='bbox 587 717 727 782; x_wconf 86' lang='lat' dir='ltr'><strong>exercuit</strong></span> <span class='ocrx_word' id='word_1_34' title='bbox 747 717 831 801; x_wconf 90' lang='lat' dir='ltr'><strong>apud</strong></span> <span class='ocrx_word' id='word_1_35' title='bbox 848 719 1001 800; x_wconf 86' lang='lat' dir='ltr'><strong>Epidium</strong></span> <span class='ocrx_word' id='word_1_36' title='bbox 1020 739 1088 781; x_wconf 92' lang='lat' dir='ltr'><strong>ora-</strong></span> 
     </span>
     <span class='ocr_line' id='line_1_6' title="bbox 73 812 1086 900; baseline 0 -23"><span class='ocrx_word' id='word_1_37' title='bbox 73 812 226 900; x_wconf 57' lang='lat' dir='ltr'><strong>toremss),</strong></span> <span class='ocrx_word' id='word_1_38' title='bbox 259 837 354 899; x_wconf 87' lang='lat' dir='ltr'><strong>quem</strong></span> <span class='ocrx_word' id='word_1_39' title='bbox 386 819 512 898; x_wconf 89' lang='lat' dir='ltr'><strong>praeter</strong></span> <span class='ocrx_word' id='word_1_40' title='bbox 544 815 625 879; x_wconf 90' lang='lat' dir='ltr'><strong>alios</strong></span> <span class='ocrx_word' id='word_1_41' title='bbox 652 815 694 878; x_wconf 92' lang='lat' dir='ltr'><strong>M.</strong></span> <span class='ocrx_word' id='word_1_42' title='bbox 718 814 854 878; x_wconf 85' lang='lat' dir='ltr'><strong>Antonii</strong></span> <span class='ocrx_word' id='word_1_43' title='bbox 882 819 913 878; x_wconf 92' lang='lat' dir='ltr'><strong>et</strong></span> <span class='ocrx_word' id='word_1_44' title='bbox 942 813 1086 878; x_wconf 77' lang='lat' dir='ltr'><strong>Caesaris</strong></span> 
     </span>
     <span class='ocr_line' id='line_1_7' title="bbox 74 908 1087 996; baseline -0.003 -21"><span class='ocrx_word' id='word_1_45' title='bbox 74 910 245 976; x_wconf 85' lang='lat' dir='ltr'><strong>Octaviani</strong></span> <span class='ocrx_word' id='word_1_46' title='bbox 269 916 508 996; x_wconf 70' lang='lat' dir='ltr'><strong>praeceptorem</strong></span> <span class='ocrx_word' id='word_1_47' title='bbox 530 911 629 976; x_wconf 84' lang='lat' dir='ltr'><strong>fuisse</strong></span> <span class='ocrx_word' id='word_1_48' title='bbox 653 932 725 974; x_wconf 91' lang='lat' dir='ltr'><strong>cum</strong></span> <span class='ocrx_word' id='word_1_49' title='bbox 748 911 894 974; x_wconf 89' lang='lat' dir='ltr'><strong>adfirmet</strong></span> <span class='ocrx_word' id='word_1_50' title='bbox 914 908 1087 976; x_wconf 79' lang='lat' dir='ltr'><strong>Suetonius</strong></span> 
     </span>
     <span class='ocr_line' id='line_1_8' title="bbox 74 1005 1088 1096; baseline -0.003 -23"><span class='ocrx_word' id='word_1_51' title='bbox 74 1011 111 1073; x_wconf 90' lang='lat' dir='ltr'><strong>de</strong></span> <span class='ocrx_word' id='word_1_52' title='bbox 135 1030 270 1094; x_wconf 82' lang='lat' dir='ltr'><strong>gramm.</strong></span> <span class='ocrx_word' id='word_1_53' title='bbox 295 1013 326 1072; x_wconf 89' lang='lat' dir='ltr'><strong>et</strong></span> <span class='ocrx_word' id='word_1_54' title='bbox 350 1009 429 1072; x_wconf 87' lang='lat' dir='ltr'><strong>rhet.</strong></span> <span class='ocrx_word' id='word_1_55' title='bbox 455 1009 496 1073; x_wconf 84' lang='lat'><strong>28</strong></span> <span class='ocrx_word' id='word_1_56' title='bbox 521 1006 584 1096; x_wconf 81' lang='lat'><strong>(4),</strong></span> <span class='ocrx_word' id='word_1_57' title='bbox 607 1029 674 1072; x_wconf 92' lang='lat' dir='ltr'><strong>non</strong></span> <span class='ocrx_word' id='word_1_58' title='bbox 696 1007 900 1091; x_wconf 90' lang='lat' dir='ltr'><strong>inprobabile</strong></span> <span class='ocrx_word' id='word_1_59' title='bbox 924 1012 972 1072; x_wconf 91' lang='lat' dir='ltr'><strong>est</strong></span> <span class='ocrx_word' id='word_1_60' title='bbox 997 1005 1088 1071; x_wconf 84' lang='lat' dir='ltr'><strong>Octa-</strong></span> 
     </span>
     <span class='ocr_line' id='line_1_9' title="bbox 73 1104 1087 1190; baseline -0.004 -20"><span class='ocrx_word' id='word_1_61' title='bbox 73 1107 169 1170; x_wconf 78' lang='lat' dir='ltr'><strong>viano</strong></span> <span class='ocrx_word' id='word_1_62' title='bbox 193 1107 259 1169; x_wconf 86' lang='lat' dir='ltr'><strong>iam</strong></span> <span class='ocrx_word' id='word_1_63' title='bbox 281 1111 352 1170; x_wconf 87' lang='lat' dir='ltr'><strong>tum</strong></span> <span class='ocrx_word' id='word_1_64' title='bbox 374 1105 425 1170; x_wconf 82' lang='lat' dir='ltr'><strong>vel</strong></span> <span class='ocrx_word' id='word_1_65' title='bbox 447 1107 544 1189; x_wconf 89' lang='lat' dir='ltr'><strong>paulo</strong></span> <span class='ocrx_word' id='word_1_66' title='bbox 568 1110 643 1190; x_wconf 88' lang='lat' dir='ltr'><strong>post</strong></span> <span class='ocrx_word' id='word_1_67' title='bbox 666 1104 894 1168; x_wconf 90' lang='lat' dir='ltr'><strong>consuetudine</strong></span> <span class='ocrx_word' id='word_1_68' title='bbox 916 1104 1023 1188; x_wconf 90' lang='lat' dir='ltr'><strong>aliqua</strong></span> <span class='ocrx_word' id='word_1_69' title='bbox 1042 1105 1087 1167; x_wconf 88' lang='lat' dir='ltr'><strong>in-</strong></span> 
     </span>
     <span class='ocr_line' id='line_1_10' title="bbox 72 1202 1089 1286; baseline -0.002 -20"><span class='ocrx_word' id='word_1_70' title='bbox 72 1203 222 1267; x_wconf 88' lang='lat' dir='ltr'><strong>notuisse</strong></span> <span class='ocrx_word' id='word_1_71' title='bbox 254 1203 495 1266; x_wconf 87' lang='lat' dir='ltr'><strong>adulescentem.</strong></span> <span class='ocrx_word' id='word_1_72' title='bbox 538 1203 592 1266; x_wconf 89' lang='lat' dir='ltr'><strong>sed</strong></span> <span class='ocrx_word' id='word_1_73' title='bbox 624 1202 664 1266; x_wconf 89' lang='lat' dir='ltr'><strong>ad</strong></span> <span class='ocrx_word' id='word_1_74' title='bbox 699 1202 838 1266; x_wconf 84' lang='lat' dir='ltr'><strong>forensia</strong></span> <span class='ocrx_word' id='word_1_75' title='bbox 871 1203 1001 1286; x_wconf 85' lang='lat' dir='ltr'><strong>negotia</strong></span> <span class='ocrx_word' id='word_1_76' title='bbox 1038 1203 1089 1265; x_wconf 85' lang='lat' dir='ltr'><strong>vel</strong></span> 
     </span>
     <span class='ocr_line' id='line_1_11' title="bbox 74 1298 1088 1384; baseline -0.003 -19"><span class='ocrx_word' id='word_1_77' title='bbox 74 1299 220 1384; x_wconf 87' lang='lat' dir='ltr'><strong>corporis</strong></span> <span class='ocrx_word' id='word_1_78' title='bbox 243 1298 463 1363; x_wconf 76' lang='lat' dir='ltr'><strong>imbecillitate</strong></span> <span class='ocrx_word' id='word_1_79' title='bbox 486 1299 617 1364; x_wconf 89' lang='lat' dir='ltr'><strong>minime</strong></span> <span class='ocrx_word' id='word_1_80' title='bbox 640 1304 754 1363; x_wconf 89' lang='lat' dir='ltr'><strong>natum</strong></span> <span class='ocrx_word' id='word_1_81' title='bbox 777 1299 955 1382; x_wconf 76' lang='lat' dir='ltr'><strong>‘felicitas&#39;,</strong></span> <span class='ocrx_word' id='word_1_82' title='bbox 982 1303 1020 1362; x_wconf 88' lang='lat' dir='ltr'><strong>ut</strong></span> <span class='ocrx_word' id='word_1_83' title='bbox 1043 1299 1088 1362; x_wconf 91' lang='lat' dir='ltr'><strong>ait</strong></span> 
     </span>
     <span class='ocr_line' id='line_1_12' title="bbox 35 1393 1088 1482; baseline -0.002 -21"><span class='ocrx_word' id='word_1_84' title='bbox 35 1405 41 1424; x_wconf 83' lang='lat'><strong>¹</strong></span> <span class='ocrx_word' id='word_1_85' title='bbox 75 1393 238 1482; x_wconf 70' lang='lat' dir='ltr'><strong>Seneca⁴)‚</strong></span> <span class='ocrx_word' id='word_1_86' title='bbox 263 1395 399 1480; x_wconf 76' lang='lat' dir='ltr'><strong>‘ingenii</strong></span> <span class='ocrx_word' id='word_1_87' title='bbox 418 1397 453 1458; x_wconf 91' lang='lat' dir='ltr'><strong>in</strong></span> <span class='ocrx_word' id='word_1_88' title='bbox 472 1397 616 1461; x_wconf 88' lang='lat' dir='ltr'><strong>oratione</strong></span> <span class='ocrx_word' id='word_1_89' title='bbox 640 1397 746 1460; x_wconf 90' lang='lat' dir='ltr'><strong>soluta</strong></span> <span class='ocrx_word' id='word_1_90' title='bbox 767 1397 924 1482; x_wconf 86' lang='lat' dir='ltr'><strong>reliquit’,</strong></span> <span class='ocrx_word' id='word_1_91' title='bbox 947 1395 1088 1461; x_wconf 91' lang='lat' dir='ltr'><strong>tardissi-</strong></span> 
     </span>
     <span class='ocr_line' id='line_1_13' title="bbox 73 1490 1087 1580; baseline -0.002 -22"><span class='ocrx_word' id='word_1_92' title='bbox 73 1517 164 1558; x_wconf 89' lang='lat' dir='ltr'><strong>mum</strong></span> <span class='ocrx_word' id='word_1_93' title='bbox 197 1493 295 1557; x_wconf 87' lang='lat' dir='ltr'><strong>etiam</strong></span> <span class='ocrx_word' id='word_1_94' title='bbox 327 1494 362 1557; x_wconf 92' lang='lat' dir='ltr'><strong>in</strong></span> <span class='ocrx_word' id='word_1_95' title='bbox 392 1515 536 1557; x_wconf 88' lang='lat' dir='ltr'><strong>sermone</strong></span> <span class='ocrx_word' id='word_1_96' title='bbox 562 1515 600 1558; x_wconf 89' lang='lat' dir='ltr'><strong>ac</strong></span> <span class='ocrx_word' id='word_1_97' title='bbox 626 1515 726 1576; x_wconf 90' lang='lat' dir='ltr'><strong>paene</strong></span> <span class='ocrx_word' id='word_1_98' title='bbox 754 1493 882 1558; x_wconf 92' lang='lat' dir='ltr'><strong>indocto</strong></span> <span class='ocrx_word' id='word_1_99' title='bbox 911 1490 1087 1580; x_wconf 59' lang='lat' dir='ltr'><strong>similem).</strong></span> 
     </span>
     <span class='ocr_line' id='line_1_14' title="bbox 74 1591 1089 1676; baseline -0.001 -22"><span class='ocrx_word' id='word_1_100' title='bbox 74 1611 152 1676; x_wconf 85' lang='lat' dir='ltr'><strong>ergo</strong></span> <span class='ocrx_word' id='word_1_101' title='bbox 176 1613 305 1654; x_wconf 87' lang='lat' dir='ltr'><strong>causam</strong></span> <span class='ocrx_word' id='word_1_102' title='bbox 329 1591 413 1674; x_wconf 91' lang='lat' dir='ltr'><strong>apud</strong></span> <span class='ocrx_word' id='word_1_103' title='bbox 436 1591 556 1654; x_wconf 90' lang='lat' dir='ltr'><strong>iudices</strong></span> <span class='ocrx_word' id='word_1_104' title='bbox 580 1612 677 1654; x_wconf 89' lang='lat' dir='ltr'><strong>unam</strong></span> <span class='ocrx_word' id='word_1_105' title='bbox 701 1591 831 1654; x_wconf 86' lang='lat' dir='ltr'><strong>omnino</strong></span> <span class='ocrx_word' id='word_1_106' title='bbox 856 1591 922 1675; x_wconf 82' lang='lat' dir='ltr'><strong>egit</strong></span> <span class='ocrx_word' id='word_1_107' title='bbox 945 1612 1003 1654; x_wconf 89' lang='lat' dir='ltr'><strong>nee</strong></span> <span class='ocrx_word' id='word_1_108' title='bbox 1026 1614 1089 1654; x_wconf 89' lang='lat' dir='ltr'><strong>am-</strong></span> 
     </span>
     <span class='ocr_line' id='line_1_15' title="bbox 73 1685 596 1774; baseline -0.002 -23"><span class='ocrx_word' id='word_1_109' title='bbox 73 1689 161 1772; x_wconf 88' lang='lat' dir='ltr'><strong>plius</strong></span> <span class='ocrx_word' id='word_1_110' title='bbox 186 1709 283 1770; x_wconf 87' lang='lat' dir='ltr'><strong>quam</strong></span> <span class='ocrx_word' id='word_1_111' title='bbox 307 1685 445 1774; x_wconf 73' lang='lat' dir='ltr'><strong>semeM).</strong></span> <span class='ocrx_word' id='word_1_112' title='bbox 593 1753 596 1758; x_wconf 73' lang='grc'><em>,</em></span> 
     </span>
    </p>

    <p class='ocr_par' dir='ltr' id='par_1_4' title="bbox 75 1783 1089 1966">
     <span class='ocr_line' id='line_1_16' title="bbox 143 1783 1089 1870; baseline 0.001 -23"><span class='ocrx_word' id='word_1_113' title='bbox 143 1783 214 1859; x_wconf 83' lang='lat' dir='ltr'><strong>Quo</strong></span> <span class='ocrx_word' id='word_1_114' title='bbox 233 1785 353 1848; x_wconf 90' lang='lat' dir='ltr'><strong>maiore</strong></span> <span class='ocrx_word' id='word_1_115' title='bbox 372 1785 519 1849; x_wconf 78' lang='lat' dir='ltr'><strong>incensus</strong></span> <span class='ocrx_word' id='word_1_116' title='bbox 538 1784 714 1866; x_wconf 91' lang='lat' dir='ltr'><strong>cupiditate</strong></span> <span class='ocrx_word' id='word_1_117' title='bbox 732 1789 866 1849; x_wconf 90' lang='lat' dir='ltr'><strong>naturae</strong></span> <span class='ocrx_word' id='word_1_118' title='bbox 886 1805 1000 1849; x_wconf 91' lang='lat' dir='ltr'><strong>areana</strong></span> <span class='ocrx_word' id='word_1_119' title='bbox 1020 1808 1089 1870; x_wconf 91' lang='lat' dir='ltr'><strong>per-</strong></span> 
     </span>
     <span class='ocr_line' id='line_1_17' title="bbox 75 1881 1089 1966; baseline 0 -20"><span class='ocrx_word' id='word_1_120' title='bbox 75 1881 240 1948; x_wconf 88' lang='lat' dir='ltr'><strong>scrutandi</strong></span> <span class='ocrx_word' id='word_1_121' title='bbox 264 1881 303 1965; x_wconf 88' lang='lat' dir='ltr'><strong>ad</strong></span> <span class='ocrx_word' id='word_1_122' title='bbox 321 1881 561 1965; x_wconf 89' lang='lat' dir='ltr'><strong>philosophiam</strong></span> <span class='ocrx_word' id='word_1_123' title='bbox 581 1902 613 1944; x_wconf 89' lang='lat' dir='ltr'><strong>se</strong></span> <span class='ocrx_word' id='word_1_124' title='bbox 633 1881 813 1966; x_wconf 81' lang='lat' dir='ltr'><strong>applicavit,</strong></span> <span class='ocrx_word' id='word_1_125' title='bbox 837 1881 992 1966; x_wconf 83' lang='lat' dir='ltr'><strong>magistro</strong></span> <span class='ocrx_word' id='word_1_126' title='bbox 1012 1905 1089 1946; x_wconf 89' lang='lat' dir='ltr'><strong>usus</strong></span> 
     </span>
    </p>
   </div>
   <div class='ocr_carea' id='block_1_3' title="bbox 74 1975 1090 2162">
    <p class='ocr_par' dir='ltr' id='par_1_5' title="bbox 74 1975 1090 2162">
     <span class='ocr_line' id='line_1_18' title="bbox 75 1975 1089 2065; baseline -0.001 -21"><span class='ocrx_word' id='word_1_127' title='bbox 75 1979 188 2044; x_wconf 84' lang='lat' dir='ltr'><strong>Sirone</strong></span> <span class='ocrx_word' id='word_1_128' title='bbox 211 1977 383 2061; x_wconf 81' lang='lat' dir='ltr'><strong>Epicureo,</strong></span> <span class='ocrx_word' id='word_1_129' title='bbox 413 1975 574 2042; x_wconf 81' lang='lat' dir='ltr'><strong>Ciceronis</strong></span> <span class='ocrx_word' id='word_1_130' title='bbox 608 1999 734 2061; x_wconf 90' lang='lat' dir='ltr'><strong>quoque</strong></span> <span class='ocrx_word' id='word_1_131' title='bbox 762 1977 959 2065; x_wconf 81' lang='lat' dir='ltr'><strong>familiari⁷)‚</strong></span> <span class='ocrx_word' id='word_1_132' title='bbox 1000 1979 1089 2044; x_wconf 90' lang='lat' dir='ltr'><strong>cuius</strong></span> 
     </span>
     <span class='ocr_line' id='line_1_19' title="bbox 74 2073 1090 2162; baseline -0.001 -22"><span class='ocrx_word' id='word_1_133' title='bbox 74 2075 245 2159; x_wconf 84' lang='lat' dir='ltr'><strong>disciplina</strong></span> <span class='ocrx_word' id='word_1_134' title='bbox 267 2097 331 2138; x_wconf 89' lang='lat' dir='ltr'><strong>una</strong></span> <span class='ocrx_word' id='word_1_135' title='bbox 350 2097 422 2138; x_wconf 91' lang='lat' dir='ltr'><strong>cum</strong></span> <span class='ocrx_word' id='word_1_136' title='bbox 439 2075 581 2156; x_wconf 79' lang='lat' dir='ltr'><strong>Alpheae</strong></span> <span class='ocrx_word' id='word_1_137' title='bbox 602 2075 684 2139; x_wconf 84' lang='lat' dir='ltr'><strong>Varo</strong></span> <span class='ocrx_word' id='word_1_138' title='bbox 702 2075 847 2139; x_wconf 88' lang='lat' dir='ltr'><strong>imbutus</strong></span> <span class='ocrx_word' id='word_1_139' title='bbox 866 2073 955 2162; x_wconf 63' lang='lat' dir='ltr'><strong>estss).</strong></span> <span class='ocrx_word' id='word_1_140' title='bbox 979 2081 1090 2140; x_wconf 89' lang='lat' dir='ltr'><strong>extant</strong></span> 
     </span>
    </p>
   </div>
   <div class='ocr_carea' id='block_1_4' title="bbox 75 2275 1092 3616">
    <p class='ocr_par' dir='ltr' id='par_1_6' title="bbox 151 2275 483 2344">
     <span class='ocr_line' id='line_1_20' title="bbox 151 2275 483 2344; baseline 0 -16"><span class='ocrx_word' id='word_1_141' title='bbox 151 2276 170 2344; x_wconf 84' lang='grc'><strong>1)</strong></span> <span class='ocrx_word' id='word_1_142' title='bbox 190 2275 316 2328; x_wconf 86' lang='lat' dir='ltr'><strong>Donatus</strong></span> <span class='ocrx_word' id='word_1_143' title='bbox 335 2292 363 2344; x_wconf 90' lang='lat' dir='ltr'><strong>p.</strong></span> <span class='ocrx_word' id='word_1_144' title='bbox 379 2278 420 2342; x_wconf 80' lang='lat'><strong>55,</strong></span> <span class='ocrx_word' id='word_1_145' title='bbox 442 2280 483 2328; x_wconf 81' lang='lat'><strong>14.</strong></span> 
     </span>
    </p>

    <p class='ocr_par' dir='ltr' id='par_1_7' title="bbox 75 2345 1091 2837">
     <span class='ocr_line' id='line_1_21' title="bbox 150 2345 1091 2416; baseline 0.002 -18"><span class='ocrx_word' id='word_1_146' title='bbox 150 2345 170 2416; x_wconf 79' lang='lat'><strong>¹)</strong></span> <span class='ocrx_word' id='word_1_147' title='bbox 192 2345 343 2415; x_wconf 73' lang='lat' dir='ltr'><strong>‘Veryilius</strong></span> <span class='ocrx_word' id='word_1_148' title='bbox 361 2353 469 2414; x_wconf 87' lang='lat' dir='ltr'><strong>sumpta</strong></span> <span class='ocrx_word' id='word_1_149' title='bbox 486 2351 551 2414; x_wconf 80' lang='lat' dir='ltr'><strong>topa</strong></span> <span class='ocrx_word' id='word_1_150' title='bbox 565 2345 757 2400; x_wconf 78' lang='lat' dir='ltr'><strong>Mediolanum</strong></span> <span class='ocrx_word' id='word_1_151' title='bbox 775 2346 974 2415; x_wconf 81' lang='lat' dir='ltr'><strong>transpreditur</strong></span> <span class='ocrx_word' id='word_1_152' title='bbox 988 2352 1013 2399; x_wconf 85' lang='lat' dir='ltr'><strong>et</strong></span> <span class='ocrx_word' id='word_1_153' title='bbox 1028 2352 1091 2413; x_wconf 81' lang='lat' dir='ltr'><strong>post</strong></span> 
     </span>
     <span class='ocr_line' id='line_1_22' title="bbox 76 2414 1089 2486; baseline -0.001 -16"><span class='ocrx_word' id='word_1_154' title='bbox 76 2420 151 2471; x_wconf 75' lang='lat' dir='ltr'><strong>breue</strong></span> <span class='ocrx_word' id='word_1_155' title='bbox 174 2423 279 2484; x_wconf 88' lang='lat' dir='ltr'><strong>tempus</strong></span> <span class='ocrx_word' id='word_1_156' title='bbox 302 2415 419 2469; x_wconf 88' lang='lat' dir='ltr'><strong>Romam</strong></span> <span class='ocrx_word' id='word_1_157' title='bbox 437 2417 542 2486; x_wconf 76' lang='lat' dir='ltr'><strong>perpit&#39;</strong></span> <span class='ocrx_word' id='word_1_158' title='bbox 568 2419 603 2485; x_wconf 90' lang='lat' dir='ltr'><strong>(a.</strong></span> <span class='ocrx_word' id='word_1_159' title='bbox 625 2419 685 2485; x_wconf 82' lang='lat'>701)</span> <span class='ocrx_word' id='word_1_160' title='bbox 709 2415 893 2482; x_wconf 87' lang='lat' dir='ltr'><strong>Hieronymus</strong></span> <span class='ocrx_word' id='word_1_161' title='bbox 918 2414 959 2470; x_wconf 93' lang='lat' dir='ltr'><strong>Ol.</strong></span> <span class='ocrx_word' id='word_1_162' title='bbox 981 2420 1044 2480; x_wconf 85' lang='lat'>181,</span> <span class='ocrx_word' id='word_1_163' title='bbox 1063 2423 1089 2470; x_wconf 87' lang='lat'><strong>4.</strong></span> 
     </span>
     <span class='ocr_line' id='line_1_23' title="bbox 78 2485 1087 2555; baseline -0.002 -13"><span class='ocrx_word' id='word_1_164' title='bbox 78 2487 224 2542; x_wconf 75' lang='lat' dir='ltr'><strong>‘Orernona</strong></span> <span class='ocrx_word' id='word_1_165' title='bbox 246 2485 437 2540; x_wconf 80' lang='lat' dir='ltr'><strong>Mediolanum</strong></span> <span class='ocrx_word' id='word_1_166' title='bbox 461 2493 487 2541; x_wconf 84' lang='lat' dir='ltr'><strong>ei</strong></span> <span class='ocrx_word' id='word_1_167' title='bbox 512 2488 576 2542; x_wconf 90' lang='lat' dir='ltr'><strong>inde</strong></span> <span class='ocrx_word' id='word_1_168' title='bbox 595 2488 682 2555; x_wconf 89' lang='lat' dir='ltr'><strong>paulo</strong></span> <span class='ocrx_word' id='word_1_169' title='bbox 706 2493 770 2555; x_wconf 85' lang='lat' dir='ltr'><strong>post</strong></span> <span class='ocrx_word' id='word_1_170' title='bbox 793 2487 904 2540; x_wconf 83' lang='lat' dir='ltr'><strong>transiit</strong></span> <span class='ocrx_word' id='word_1_171' title='bbox 930 2487 962 2540; x_wconf 86' lang='lat' dir='ltr'><strong>in</strong></span> <span class='ocrx_word' id='word_1_172' title='bbox 983 2488 1087 2541; x_wconf 83' lang='lat' dir='ltr'><strong>eubem&#39;</strong></span> 
     </span>
     <span class='ocr_line' id='line_1_24' title="bbox 75 2555 1089 2626; baseline 0 -15"><span class='ocrx_word' id='word_1_173' title='bbox 75 2559 204 2611; x_wconf 84' lang='lat' dir='ltr'><strong>Donatus</strong></span> <span class='ocrx_word' id='word_1_174' title='bbox 218 2575 244 2625; x_wconf 90' lang='lat' dir='ltr'><strong>p.</strong></span> <span class='ocrx_word' id='word_1_175' title='bbox 261 2561 303 2624; x_wconf 82' lang='lat'><strong>55,</strong></span> <span class='ocrx_word' id='word_1_176' title='bbox 319 2561 361 2624; x_wconf 80' lang='lat'><strong>17,</strong></span> <span class='ocrx_word' id='word_1_177' title='bbox 380 2555 430 2609; x_wconf 89' lang='lat' dir='ltr'><strong>ubi</strong></span> <span class='ocrx_word' id='word_1_178' title='bbox 443 2556 562 2626; x_wconf 82' lang='lat' dir='ltr'><strong>vulgata</strong></span> <span class='ocrx_word' id='word_1_179' title='bbox 583 2557 741 2626; x_wconf 76' lang='lat' dir='ltr'><strong>‘Neapolim</strong></span> <span class='ocrx_word' id='word_1_180' title='bbox 757 2557 879 2611; x_wconf 81' lang='lat' dir='ltr'><strong>transiil&#39;</strong></span> <span class='ocrx_word' id='word_1_181' title='bbox 901 2556 994 2610; x_wconf 88' lang='lat' dir='ltr'><strong>habet.</strong></span> <span class='ocrx_word' id='word_1_182' title='bbox 1023 2556 1089 2611; x_wconf 89' lang='lat' dir='ltr'><strong>inde</strong></span> 
     </span>
     <span class='ocr_line' id='line_1_25' title="bbox 76 2625 1090 2698; baseline 0 -16"><span class='ocrx_word' id='word_1_183' title='bbox 76 2628 153 2698; x_wconf 89' lang='lat' dir='ltr'><strong>apud</strong></span> <span class='ocrx_word' id='word_1_184' title='bbox 177 2626 304 2681; x_wconf 85' lang='lat' dir='ltr'><strong>Servium</strong></span> <span class='ocrx_word' id='word_1_185' title='bbox 327 2625 358 2680; x_wconf 86' lang='lat' dir='ltr'><strong>in</strong></span> <span class='ocrx_word' id='word_1_186' title='bbox 380 2627 440 2680; x_wconf 84' lang='lat' dir='ltr'><strong>vita</strong></span> <span class='ocrx_word' id='word_1_187' title='bbox 463 2627 567 2696; x_wconf 85' lang='lat' dir='ltr'><strong>legitur</strong></span> <span class='ocrx_word' id='word_1_188' title='bbox 592 2628 715 2682; x_wconf 80' lang='lat' dir='ltr'><strong>‘diuersis</strong></span> <span class='ocrx_word' id='word_1_189' title='bbox 738 2630 770 2682; x_wconf 87' lang='lat' dir='ltr'><strong>in</strong></span> <span class='ocrx_word' id='word_1_190' title='bbox 793 2629 857 2682; x_wconf 88' lang='lat' dir='ltr'><strong>loeis</strong></span> <span class='ocrx_word' id='word_1_191' title='bbox 876 2644 986 2696; x_wconf 88' lang='lat' dir='ltr'><strong>operum</strong></span> <span class='ocrx_word' id='word_1_192' title='bbox 1004 2629 1090 2682; x_wconf 87' lang='lat' dir='ltr'><strong>literis</strong></span> 
     </span>
     <span class='ocr_line' id='line_1_26' title="bbox 76 2697 1089 2766; baseline -0.001 -14"><span class='ocrx_word' id='word_1_193' title='bbox 76 2701 165 2765; x_wconf 81' lang='lat' dir='ltr'><strong>dedit;</strong></span> <span class='ocrx_word' id='word_1_194' title='bbox 188 2716 254 2752; x_wconf 81' lang='lat' dir='ltr'><strong>narn</strong></span> <span class='ocrx_word' id='word_1_195' title='bbox 273 2704 298 2752; x_wconf 82' lang='lat' dir='ltr'><strong>ei</strong></span> <span class='ocrx_word' id='word_1_196' title='bbox 318 2697 462 2752; x_wconf 77' lang='lat' dir='ltr'><strong>Cremonae</strong></span> <span class='ocrx_word' id='word_1_197' title='bbox 480 2705 505 2752; x_wconf 84' lang='lat' dir='ltr'><strong>et</strong></span> <span class='ocrx_word' id='word_1_198' title='bbox 523 2699 679 2753; x_wconf 82' lang='lat' dir='ltr'><strong>Mediolani</strong></span> <span class='ocrx_word' id='word_1_199' title='bbox 697 2706 722 2752; x_wconf 88' lang='lat' dir='ltr'><strong>et</strong></span> <span class='ocrx_word' id='word_1_200' title='bbox 741 2699 860 2766; x_wconf 80' lang='lat' dir='ltr'><strong>Neapoli</strong></span> <span class='ocrx_word' id='word_1_201' title='bbox 878 2699 1003 2752; x_wconf 60' lang='lat' dir='ltr'><strong>studmit)</strong></span> <span class='ocrx_word' id='word_1_202' title='bbox 1032 2699 1089 2752; x_wconf 90' lang='lat' dir='ltr'><strong>Me·</strong></span> 
     </span>
     <span class='ocr_line' id='line_1_27' title="bbox 77 2767 955 2837; baseline -0.001 -14"><span class='ocrx_word' id='word_1_203' title='bbox 77 2769 186 2824; x_wconf 88' lang='lat' dir='ltr'><strong>diolani</strong></span> <span class='ocrx_word' id='word_1_204' title='bbox 205 2785 291 2837; x_wconf 90' lang='lat' dir='ltr'><strong>quam</strong></span> <span class='ocrx_word' id='word_1_205' title='bbox 309 2768 428 2822; x_wconf 89' lang='lat' dir='ltr'><strong>floreant</strong></span> <span class='ocrx_word' id='word_1_206' title='bbox 446 2769 541 2822; x_wconf 87' lang='lat' dir='ltr'><strong>studia</strong></span> <span class='ocrx_word' id='word_1_207' title='bbox 559 2771 656 2822; x_wconf 85' lang='lat' dir='ltr'><strong>narrat</strong></span> <span class='ocrx_word' id='word_1_208' title='bbox 674 2768 783 2822; x_wconf 87' lang='lat' dir='ltr'><strong>Plinius</strong></span> <span class='ocrx_word' id='word_1_209' title='bbox 803 2785 845 2836; x_wconf 90' lang='lat' dir='ltr'><strong>ep.</strong></span> <span class='ocrx_word' id='word_1_210' title='bbox 860 2767 899 2821; x_wconf 87' lang='lat' dir='ltr'><strong>IV</strong></span> <span class='ocrx_word' id='word_1_211' title='bbox 914 2774 955 2822; x_wconf 86' lang='lat'><strong>13.</strong></span> 
     </span>
    </p>

    <p class='ocr_par' dir='ltr' id='par_1_8' title="bbox 77 2839 1091 3333">
     <span class='ocr_line' id='line_1_28' title="bbox 150 2839 1091 2909; baseline 0 -15"><span class='ocrx_word' id='word_1_212' title='bbox 150 2840 170 2909; x_wconf 79' lang='lat'><strong>⁸)</strong></span> <span class='ocrx_word' id='word_1_213' title='bbox 198 2840 243 2894; x_wconf 81' lang='lat' dir='ltr'><strong>‘nt</strong></span> <span class='ocrx_word' id='word_1_214' title='bbox 261 2840 383 2908; x_wconf 88' lang='lat' dir='ltr'><strong>primum</strong></span> <span class='ocrx_word' id='word_1_215' title='bbox 405 2856 432 2894; x_wconf 85' lang='lat' dir='ltr'><strong>se</strong></span> <span class='ocrx_word' id='word_1_216' title='bbox 454 2840 571 2894; x_wconf 84' lang='lat' dir='ltr'><strong>eontulit</strong></span> <span class='ocrx_word' id='word_1_217' title='bbox 593 2840 710 2894; x_wconf 86' lang='lat' dir='ltr'><strong>Romam</strong></span> <span class='ocrx_word' id='word_1_218' title='bbox 732 2841 832 2908; x_wconf 86' lang='lat' dir='ltr'><strong>(romae</strong></span> <span class='ocrx_word' id='word_1_219' title='bbox 857 2839 960 2906; x_wconf 69' lang='lat' dir='ltr'><strong>codd),</strong></span> <span class='ocrx_word' id='word_1_220' title='bbox 984 2841 1091 2894; x_wconf 81' lang='lat' dir='ltr'><strong>studuit</strong></span> 
     </span>
     <span class='ocr_line' id='line_1_29' title="bbox 77 2909 1089 2981; baseline 0 -17"><span class='ocrx_word' id='word_1_221' title='bbox 77 2913 152 2979; x_wconf 87' lang='lat' dir='ltr'><strong>apud</strong></span> <span class='ocrx_word' id='word_1_222' title='bbox 171 2910 308 2979; x_wconf 85' lang='lat' dir='ltr'><strong>Epidium</strong></span> <span class='ocrx_word' id='word_1_223' title='bbox 330 2917 460 2965; x_wconf 81' lang='lat' dir='ltr'><strong>oratorem</strong></span> <span class='ocrx_word' id='word_1_224' title='bbox 479 2927 539 2964; x_wconf 86' lang='lat' dir='ltr'><strong>eum</strong></span> <span class='ocrx_word' id='word_1_225' title='bbox 560 2910 673 2965; x_wconf 79' lang='lat' dir='ltr'><strong>Caesare</strong></span> <span class='ocrx_word' id='word_1_226' title='bbox 691 2910 830 2981; x_wconf 76' lang='lat' dir='ltr'><strong>Aupusto&#39;</strong></span> <span class='ocrx_word' id='word_1_227' title='bbox 855 2909 915 2963; x_wconf 87' lang='lat' dir='ltr'><strong>vita</strong></span> <span class='ocrx_word' id='word_1_228' title='bbox 934 2910 1089 2964; x_wconf 86' lang='lat' dir='ltr'><strong>Bernensis.</strong></span> 
     </span>
     <span class='ocr_line' id='line_1_30' title="bbox 78 2981 1090 3050; baseline -0.002 -14"><span class='ocrx_word' id='word_1_229' title='bbox 78 2981 150 3036; x_wconf 80' lang='lat' dir='ltr'><strong>‘eum</strong></span> <span class='ocrx_word' id='word_1_230' title='bbox 167 2983 225 3036; x_wconf 91' lang='lat' dir='ltr'><strong>iam</strong></span> <span class='ocrx_word' id='word_1_231' title='bbox 243 2982 354 3035; x_wconf 86' lang='lat' dir='ltr'><strong>summis</strong></span> <span class='ocrx_word' id='word_1_232' title='bbox 372 2982 537 3050; x_wconf 78' lang='lat' dir='ltr'><strong>eloquentiae</strong></span> <span class='ocrx_word' id='word_1_233' title='bbox 556 2983 710 3036; x_wconf 83' lang='lat' dir='ltr'><strong>doctoribus</strong></span> <span class='ocrx_word' id='word_1_234' title='bbox 727 2987 849 3048; x_wconf 83' lang='lat' dir='ltr'><strong>uacaret,</strong></span> <span class='ocrx_word' id='word_1_235' title='bbox 873 2982 904 3034; x_wconf 90' lang='lat' dir='ltr'><strong>in</strong></span> <span class='ocrx_word' id='word_1_236' title='bbox 923 2982 985 3035; x_wconf 83' lang='lat' dir='ltr'><strong>belli</strong></span> <span class='ocrx_word' id='word_1_237' title='bbox 1002 2982 1090 3034; x_wconf 84' lang='lat' dir='ltr'><strong>civilis</strong></span> 
     </span>
     <span class='ocr_line' id='line_1_31' title="bbox 77 3051 774 3152; baseline 0 -46"><span class='ocrx_word' id='word_1_238' title='bbox 77 3059 198 3152; x_wconf 76' lang='lat' dir='ltr'><strong>terrippra</strong></span> <span class='ocrx_word' id='word_1_239' title='bbox 215 3052 328 3106; x_wconf 83' lang='lat' dir='ltr'><strong>incidit&#39;</strong></span> <span class='ocrx_word' id='word_1_240' title='bbox 349 3051 507 3104; x_wconf 88' lang='lat' dir='ltr'><strong>Probianae</strong></span> <span class='ocrx_word' id='word_1_241' title='bbox 526 3051 602 3105; x_wconf 88' lang='lat' dir='ltr'><strong>vitae</strong></span> <span class='ocrx_word' id='word_1_242' title='bbox 622 3055 774 3122; x_wconf 85' lang='lat' dir='ltr'><strong>excerptor.</strong></span> 
     </span>
     <span class='ocr_line' id='line_1_32' title="bbox 78 3122 1091 3317; baseline -0.003 -70"><span class='ocrx_word' id='word_1_243' title='bbox 78 3261 87 3314; x_wconf 68' lang='lat' dir='ltr'>l</span> <span class='ocrx_word' id='word_1_244' title='bbox 148 3122 354 3317; x_wconf 47' lang='grc' dir='ltr'><strong>5ζέχὲἓὲξὲ</strong></span> <span class='ocrx_word' id='word_1_245' title='bbox 356 3122 616 3262; x_wconf 56' lang='lat' dir='ltr'><strong>osipuldllliiniiiirnilI</strong></span> <span class='ocrx_word' id='word_1_246' title='bbox 620 3211 646 3262; x_wconf 94' lang='lat' dir='ltr'><strong>p</strong></span> <span class='ocrx_word' id='word_1_247' title='bbox 666 3198 707 3260; x_wconf 79' lang='lat'><strong>58,</strong></span> <span class='ocrx_word' id='word_1_248' title='bbox 728 3198 744 3246; x_wconf 83' lang='lat'><strong>5</strong></span> <span class='ocrx_word' id='word_1_249' title='bbox 763 3193 850 3246; x_wconf 86' lang='lat' dir='ltr'><strong>verba</strong></span> <span class='ocrx_word' id='word_1_250' title='bbox 870 3195 946 3246; x_wconf 89' lang='lat' dir='ltr'><strong>sunt:</strong></span> <span class='ocrx_word' id='word_1_251' title='bbox 974 3191 1006 3246; x_wconf 89' lang='lat' dir='ltr'><strong>ef.</strong></span> <span class='ocrx_word' id='word_1_252' title='bbox 1027 3209 1091 3260; x_wconf 88' lang='lat' dir='ltr'><strong>pro-</strong></span> 
     </span>
     <span class='ocr_line' id='line_1_33' title="bbox 89 3279 274 3333; baseline 0.011 -17"><span class='ocrx_word' id='word_1_253' title='bbox 89 3279 148 3333; x_wconf 83' lang='lat' dir='ltr'><strong>egg.</strong></span> <span class='ocrx_word' id='word_1_254' title='bbox 169 3285 185 3316; x_wconf 83' lang='grc' dir='ltr'>ο</span> <span class='ocrx_word' id='word_1_255' title='bbox 207 3308 211 3318; x_wconf 94' lang='grc'>.</span> <span class='ocrx_word' id='word_1_256' title='bbox 270 3308 274 3318; x_wconf 94' lang='lat'><em>.</em></span> 
     </span>
    </p>

    <p class='ocr_par' dir='ltr' id='par_1_9' title="bbox 148 3333 292 3366">
     <span class='ocr_line' id='line_1_34' title="bbox 148 3333 292 3366; baseline 0 -22"><span class='ocrx_word' id='word_1_257' title='bbox 148 3334 159 3366; x_wconf 48' lang='grc' dir='ltr'><strong>θ</strong></span> <span class='ocrx_word' id='word_1_258' title='bbox 287 3333 292 3344; x_wconf 94' lang='grc'>.</span> 
     </span>
    </p>

    <p class='ocr_par' dir='ltr' id='par_1_10' title="bbox 149 3333 889 3473">
     <span class='ocr_line' id='line_1_35' title="bbox 149 3333 889 3473; baseline 0 -15"><span class='ocrx_word' id='word_1_259' title='bbox 149 3337 169 3473; x_wconf 66' lang='lat' dir='ltr'><strong>ri</strong></span> <span class='ocrx_word' id='word_1_260' title='bbox 188 3333 370 3458; x_wconf 59' lang='lat' dir='ltr'><strong>lillMir</strong></span> <span class='ocrx_word' id='word_1_261' title='bbox 384 3333 530 3459; x_wconf 66' lang='lat' dir='ltr'><strong>libiae.</strong></span> <span class='ocrx_word' id='word_1_262' title='bbox 549 3405 575 3457; x_wconf 92' lang='lat' dir='ltr'><strong>n</strong></span> <span class='ocrx_word' id='word_1_263' title='bbox 595 3410 645 3458; x_wconf 87' lang='lat'><strong>106</strong></span> <span class='ocrx_word' id='word_1_264' title='bbox 666 3404 700 3457; x_wconf 78' lang='lat' dir='ltr'><strong>ae</strong></span> <span class='ocrx_word' id='word_1_265' title='bbox 719 3405 765 3458; x_wconf 81' lang='lat' dir='ltr'><strong>fin.</strong></span> <span class='ocrx_word' id='word_1_266' title='bbox 785 3404 810 3456; x_wconf 91' lang='lat' dir='ltr'><strong>n</strong></span> <span class='ocrx_word' id='word_1_267' title='bbox 830 3409 889 3458; x_wconf 84' lang='lat'><strong>119.</strong></span> 
     </span>
    </p>

    <p class='ocr_par' dir='ltr' id='par_1_11' title="bbox 77 3473 1092 3616">
     <span class='ocr_line' id='line_1_36' title="bbox 147 3473 1092 3545; baseline -0.003 -15"><span class='ocrx_word' id='word_1_268' title='bbox 147 3476 167 3545; x_wconf 76' lang='grc'><strong>8)</strong></span> <span class='ocrx_word' id='word_1_269' title='bbox 190 3478 259 3530; x_wconf 81' lang='lat' dir='ltr'><strong>‘tum</strong></span> <span class='ocrx_word' id='word_1_270' title='bbox 285 3475 337 3530; x_wconf 80' lang='lat' dir='ltr'><strong>tibi</strong></span> <span class='ocrx_word' id='word_1_271' title='bbox 360 3475 484 3530; x_wconf 79' lang='lat' dir='ltr'><strong>Sironem</strong></span> <span class='ocrx_word' id='word_1_272' title='bbox 504 3475 588 3530; x_wconf 92' lang='lat' dir='ltr'><strong>Maro</strong></span> <span class='ocrx_word' id='word_1_273' title='bbox 607 3476 723 3531; x_wconf 83' lang='lat' dir='ltr'><strong>contulit</strong></span> <span class='ocrx_word' id='word_1_274' title='bbox 745 3477 806 3544; x_wconf 89' lang='lat' dir='ltr'><strong>ipsa</strong></span> <span class='ocrx_word' id='word_1_275' title='bbox 824 3492 869 3528; x_wconf 92' lang='lat' dir='ltr'><strong>mu</strong></span> <span class='ocrx_word' id='word_1_276' title='bbox 888 3476 984 3528; x_wconf 80' lang='lat' dir='ltr'><strong>istrum</strong></span> <span class='ocrx_word' id='word_1_277' title='bbox 1003 3473 1092 3528; x_wconf 85' lang='lat' dir='ltr'><strong>Roma</strong></span> 
     </span>
     <span class='ocr_line' id='line_1_37' title="bbox 77 3545 1092 3616; baseline -0.004 -16"><span class='ocrx_word' id='word_1_278' title='bbox 77 3554 168 3614; x_wconf 82' lang='lat' dir='ltr'><strong>polens</strong></span> <span class='ocrx_word' id='word_1_279' title='bbox 178 3563 354 3616; x_wconf 80' lang='lat' dir='ltr'><strong>proceresque</strong></span> <span class='ocrx_word' id='word_1_280' title='bbox 368 3563 432 3600; x_wconf 87' lang='lat' dir='ltr'><strong>suos</strong></span> <span class='ocrx_word' id='word_1_281' title='bbox 446 3547 497 3601; x_wconf 72' lang='lat' dir='ltr'><strong>trel</strong></span> <span class='ocrx_word' id='word_1_282' title='bbox 512 3547 604 3601; x_wconf 72' lang='lat' dir='ltr'><strong>immid</strong></span> <span class='ocrx_word' id='word_1_283' title='bbox 618 3547 730 3600; x_wconf 73' lang='lat' dir='ltr'><strong>aulicos:</strong></span> <span class='ocrx_word' id='word_1_284' title='bbox 747 3545 837 3600; x_wconf 84' lang='lat' dir='ltr'><strong>Pollio</strong></span> <span class='ocrx_word' id='word_1_285' title='bbox 881 3561 992 3600; x_wconf 83' lang='lat' dir='ltr'><strong>aecenas</strong></span> <span class='ocrx_word' id='word_1_286' title='bbox 1003 3545 1092 3598; x_wconf 85' lang='lat' dir='ltr'><strong>Varus</strong></span> 
     </span>
    </p>
   </div>
   <div class='ocr_carea' id='block_1_5' title="bbox 0 0 1300 3962">
    <p class='ocr_par' dir='ltr' id='par_1_12' title="bbox 0 0 1300 3962">
     <span class='ocr_line' id='line_1_38' title="bbox 0 0 1300 3962; baseline 0 0"><span class='ocrx_word' id='word_1_287' title='bbox 0 0 1300 3962; x_wconf 95' lang='lat' dir='ltr'><strong> </strong></span> 
     </span>
    </p>
   </div>
  </div>
 </body>
</html>
