2574 3964
171 233 235 298 100
517 233 814 290 113331331113
833 237 846 314 l

170 396 204 459 id
227 399 374 459 metuens
398 396 579 480 veterisque
602 418 723 461 memor
747 395 1011 483 83111131313111,

172 493 277 576 prima
302 493 388 575 quod
411 493 450 555 ad
473 492 603 557 Troiam
625 515 683 576 pro
707 495 789 557 caris
813 499 956 578 gesserat
979 494 1079 579 Argis

173 587 322 676 (necdum
345 591 443 654 etiam
466 612 578 654 causae
601 591 722 654 irarum
745 592 894 675 saevique
918 593 1044 656 dolores
1157 609 1193 657 25
1282 649 1283 670 ,

173 685 355 749 exciderant
380 687 498 771 animo3
521 691 629 750 manet
653 688 718 750 3113
741 693 847 752 mente
870 693 1036 772 repostum
1282 675 1283 698 A

174 782 327 846 iudicium
349 781 473 846 Paridis
498 788 686 866 spretaeque
709 784 826 848 iniuria
848 785 969 849 formae

174 884 206 943 et
230 901 330 963 genus
354 881 493 944 invisum
517 883 549 942 et
572 881 658 963 rapti
682 879 875 964 Ganymedis
898 880 1068 969 honores):

173 976 226 1040 his
250 999 381 1040 accensa
404 999 500 1060 super
522 977 658 1040 iactatos
682 1000 819 1061 aequore
841 982 912 1043 toto

176 1073 292 1159 Troas,
317 1074 470 1157 reliquias
493 1071 642 1138 Danaum
665 1079 761 1158 atque
784 1075 917 1139 immitis
942 1075 1076 1162 Achilli,
1155 1097 1192 1143 30

177 1171 304 1235 arcebat
327 1171 423 1255 longe
446 1170 554 1255 Latio,
576 1171 760 1255 multosque
782 1193 839 1254 per
863 1195 963 1236 annos

176 1267 326 1331 errabant
350 1268 412 1331 3311
435 1268 511 1331 fatis
534 1268 634 1330 maria
657 1269 764 1332 omnia
787 1269 913 1333 circum.

175 1369 284 1429 tantae
307 1365 402 1428 molis
425 1369 494 1428 erat
517 1363 695 1429 Romanam
717 1367 851 1430 condere
874 1371 1009 1451 gentem.

220 1461 285 1526 Vix
308 1484 325 1526 e
348 1465 521 1544 conspectu
545 1459 669 1525 Siculae
692 1463 817 1526 telluris
841 1463 876 1526 in
899 1463 1001 1527 altum

176 1559 246 1623 vela
269 1559 388 1622 dabant
410 1559 488 1622 laeti
511 1562 542 1622 et
567 1580 695 1641 spumas
720 1559 795 1623 salis
819 1582 891 1638 aere
914 1560 1065 1645 ruebant,
1155 1579 1191 1627 35

177 1679 249 1720 cum
271 1655 353 1720 Iuno
377 1659 542 1719 aeternum
565 1677 695 1720 servans
719 1656 778 1719 sub
801 1660 930 1739 pectore
951 1657 1069 1744 uolnus

175 1753 254 1818 haee
277 1776 396 1818 secum:
420 1754 521 1817 ‘mene
543 1753 670 1836 incepto
693 1753 846 1816 desistere
868 1754 987 1817 victam

177 1873 235 1915 nec
258 1873 353 1935 posse
375 1850 470 1914 Italia
493 1850 687 1914 Teucrorum
710 1854 852 1914 avertere
874 1851 1006 1936 regem?

179 1949 296 2032 quippe
318 1952 410 2012 vetor
432 1947 517 2011 fatis.
562 1946 710 2011 Pallasne
733 1969 864 2011 exurere
887 1947 1020 2011 classem

178 2045 335 2130 Argivom
358 2049 454 2127 atque
477 2045 566 2127 ipsos
589 2045 697 2127 potuit
721 2043 925 2127 submergere
947 2047 1049 2127 ponto
1154 2063 1189 2110 43

178 2143 273 2206 unius
298 2143 339 2206 ob
362 2164 479 2205 noxam
503 2145 535 2204 31
558 2140 658 2204 furias
680 2139 788 2205 Aiacis
813 2139 899 2204 Oili?

178 2240 249 2323 ipsa
272 2237 360 2302 Iovis
383 2238 531 2321 rapidum
553 2237 691 2301 iaculata
714 2260 730 2301 e
752 2239 894 2301 nubibus
917 2238 1025 2321 ignem

179 2335 366 2418 disiecitque
389 2337 474 2397 rates
498 2333 676 2417 evertitque
700 2356 838 2418 aequora
860 2335 979 2420 ventis,

178 2435 271 2498 illum
294 2432 492 2515 expirantem
514 2431 669 2494 transfixo
693 2435 821 2515 pectore
843 2431 988 2495 flammas

178 2532 308 2595 turbine
332 2528 488 2611 corripuit
512 2528 706 2610 scopuloque
729 2527 836 2591 infixit
859 2532 966 2612 acut03
1155 2547 1189 2594 43

181 2634 231 2694 331
254 2648 328 2712 ege,
352 2647 433 2709 quae
455 2625 562 2689 divom
585 2624 696 2688 incedo
719 2625 844 2710 regina,
866 2624 1017 2709 Iovisque

180 2731 212 2789 31
236 2746 327 2789 33131
350 2726 382 2786 31
405 2722 557 2808 coniunx,
579 2744 643 2786 una
665 2745 738 2787 cum
761 2727 855 2808 gente
878 2727 929 2787 tot
952 2745 1053 2788 annos

180 2823 264 2888 bella
287 2842 371 2906 gero.
418 2824 450 2882 et
473 2819 644 2902 quisquam
665 2841 785 2884 numen
805 2819 939 2884 Iunonis
963 2821 1076 2884 adorat

180 2923 343 3005 praeterea
367 2921 422 2980 aut
446 2918 580 3000 supplex
603 2918 667 2981 aris
690 2917 834 3001 imponet
856 2917 1051 2981 bonoreml'

225 3017 317 3081 Talia
338 3014 501 3078 flammato
526 3036 632 3078 secum
655 3014 712 3078 dea
735 3015 828 3078 corde
850 3015 1001 3078 volutans
1157 3033 1190 3080 33

180 3114 364 3180 nimborum
386 3111 422 3174 in
442 3111 594 3196 patriam,
616 3111 687 3174 loca
709 3111 775 3175 feta
797 3111 1133 3200 fureptibusaustris,

124 3265 127 3273 ,
181 3211 329 3276 Aeoliam
351 3208 446 3272 venit.
491 3208 544 3272 hic
567 3203 665 3272 13313
682 3231 738 3271 rex
761 3203 881 3271 Aeolus
905 3211 998 3271 antro

181 3310 340 3374 luctantes
364 3309 476 3368 ventos
500 3309 769 3388 tempestatesque
793 3327 926 3368 sonoras

182 3405 317 3488 imperio
341 3403 458 3485 premit
481 3424 517 3465 33
539 3402 652 3465 vinclis
676 3407 708 3466 et
731 3423 854 3466 carcere
876 3403 989 3466 frenat.

139 3507 142 3516 “
183 3502 232 3566 1111
255 3500 458 3583 indignantes
481 3518 597 3582 magno
622 3521 693 3562 cum
715 3521 877 3563 murmure
899 3499 1020 3563 montis
1159 3517 1193 3566 31
