<?xml version="1.0" encoding="UTF-8"?>
<!DOCTYPE html PUBLIC "-//W3C//DTD XHTML 1.0 Transitional//EN"
    "http://www.w3.org/TR/xhtml1/DTD/xhtml1-transitional.dtd">
<html xmlns="http://www.w3.org/1999/xhtml" xml:lang="en" lang="en">
 <head>
  <title>
</title>
<meta http-equiv="Content-Type" content="text/html;charset=utf-8" />
  <meta name='ocr-system' content='tesseract 3.04.00' />
  <meta name='ocr-capabilities' content='ocr_page ocr_carea ocr_par ocr_line ocrx_word'/>
</head>
<body>
  <div class='ocr_page' id='page_1' title='image "./pvergilimaronis11virggoog/pvergilimaronis11virggoog_0232.png"; bbox 0 0 2612 3964; ppageno 0'>
   <div class='ocr_carea' id='block_1_1' title="bbox 445 235 1135 298">
    <p class='ocr_par' dir='ltr' id='par_1_1' title="bbox 445 235 1135 298">
     <span class='ocr_line' id='line_1_1' title="bbox 445 235 1135 298; baseline 0.012 -8"><span class='ocrx_word' id='word_1_1' title='bbox 445 237 593 292; x_wconf 84' lang='lat' dir='ltr'><strong>VERGILI</strong></span> <span class='ocrx_word' id='word_1_2' title='bbox 611 237 743 291; x_wconf 81' lang='lat' dir='ltr'>AENEIS</span> <span class='ocrx_word' id='word_1_3' title='bbox 764 237 814 291; x_wconf 83' lang='lat'><em>1111</em></span> <span class='ocrx_word' id='word_1_4' title='bbox 1073 235 1135 298; x_wconf 70' lang='lat'><strong>179</strong></span> 
     </span>
    </p>
   </div>
   <div class='ocr_carea' id='block_1_2' title="bbox 116 397 1140 3388">
    <p class='ocr_par' dir='ltr' id='par_1_2' title="bbox 116 397 1140 2903">
     <span class='ocr_line' id='line_1_2' title="bbox 119 397 897 482; baseline 0 -21"><span class='ocrx_word' id='word_1_5' title='bbox 119 399 174 462; x_wconf 92' lang='lat' dir='ltr'><strong>hic</strong></span> <span class='ocrx_word' id='word_1_6' title='bbox 197 399 341 482; x_wconf 88' lang='lat' dir='ltr'><strong>primum</strong></span> <span class='ocrx_word' id='word_1_7' title='bbox 363 399 495 480; x_wconf 89' lang='lat' dir='ltr'><strong>paribus</strong></span> <span class='ocrx_word' id='word_1_8' title='bbox 518 400 626 464; x_wconf 88' lang='lat' dir='ltr'><strong>nitens</strong></span> <span class='ocrx_word' id='word_1_9' title='bbox 650 397 815 482; x_wconf 79' lang='lat' dir='ltr'><strong>Cyllenius</strong></span> <span class='ocrx_word' id='word_1_10' title='bbox 838 399 897 462; x_wconf 88' lang='lat' dir='ltr'><strong>alis</strong></span> 
     </span>
     <span class='ocr_line' id='line_1_3' title="bbox 120 494 1052 580; baseline -0.004 -20"><span class='ocrx_word' id='word_1_11' title='bbox 120 496 286 580; x_wconf 77' lang='lat' dir='ltr'><strong>constitit3&#39;</strong></span> <span class='ocrx_word' id='word_1_12' title='bbox 309 495 385 558; x_wconf 88' lang='lat' dir='ltr'><strong>hino</strong></span> <span class='ocrx_word' id='word_1_13' title='bbox 407 499 480 560; x_wconf 92' lang='lat' dir='ltr'><strong>toto</strong></span> <span class='ocrx_word' id='word_1_14' title='bbox 502 517 654 579; x_wconf 89' lang='lat' dir='ltr'><strong>praeceps</strong></span> <span class='ocrx_word' id='word_1_15' title='bbox 677 517 711 559; x_wconf 92' lang='lat' dir='ltr'><strong>se</strong></span> <span class='ocrx_word' id='word_1_16' title='bbox 734 516 866 578; x_wconf 88' lang='lat' dir='ltr'><strong>corpore</strong></span> <span class='ocrx_word' id='word_1_17' title='bbox 890 495 929 558; x_wconf 91' lang='lat' dir='ltr'><strong>ad</strong></span> <span class='ocrx_word' id='word_1_18' title='bbox 951 494 1052 556; x_wconf 86' lang='lat' dir='ltr'><strong>undas</strong></span> 
     </span>
     <span class='ocr_line' id='line_1_4' title="bbox 119 591 968 677; baseline -0.002 -21"><span class='ocrx_word' id='word_1_19' title='bbox 119 593 222 677; x_wconf 88' lang='lat' dir='ltr'><strong>misit,</strong></span> <span class='ocrx_word' id='word_1_20' title='bbox 247 593 301 656; x_wconf 83' lang='lat' dir='ltr'><strong>avi</strong></span> <span class='ocrx_word' id='word_1_21' title='bbox 325 592 449 676; x_wconf 84' lang='lat' dir='ltr'><strong>similis,</strong></span> <span class='ocrx_word' id='word_1_22' title='bbox 473 614 554 676; x_wconf 88' lang='lat' dir='ltr'><strong>quae</strong></span> <span class='ocrx_word' id='word_1_23' title='bbox 577 593 696 656; x_wconf 89' lang='lat' dir='ltr'><strong>circum</strong></span> <span class='ocrx_word' id='word_1_24' title='bbox 719 592 826 676; x_wconf 82' lang='lat' dir='ltr'><strong>litora,</strong></span> <span class='ocrx_word' id='word_1_25' title='bbox 848 591 968 656; x_wconf 90' lang='lat' dir='ltr'><strong>circum</strong></span> 
     </span>
     <span class='ocr_line' id='line_1_5' title="bbox 119 687 1134 773; baseline -0.003 -21"><span class='ocrx_word' id='word_1_26' title='bbox 119 690 269 772; x_wconf 88' lang='lat' dir='ltr'><strong>piscosos</strong></span> <span class='ocrx_word' id='word_1_27' title='bbox 294 689 443 771; x_wconf 85' lang='lat' dir='ltr'><strong>scopulos</strong></span> <span class='ocrx_word' id='word_1_28' title='bbox 466 687 598 753; x_wconf 88' lang='lat' dir='ltr'><strong>humilis</strong></span> <span class='ocrx_word' id='word_1_29' title='bbox 621 689 711 752; x_wconf 87' lang='lat' dir='ltr'><strong>volat</strong></span> <span class='ocrx_word' id='word_1_30' title='bbox 734 709 873 773; x_wconf 88' lang='lat' dir='ltr'><strong>aequora</strong></span> <span class='ocrx_word' id='word_1_31' title='bbox 894 687 993 751; x_wconf 84' lang='lat' dir='ltr'><strong>iuxta.</strong></span> <span class='ocrx_word' id='word_1_32' title='bbox 1084 701 1134 750; x_wconf 80' lang='lat'><strong>255</strong></span> 
     </span>
     <span class='ocr_line' id='line_1_6' title="bbox 122 784 932 871; baseline -0.001 -22"><span class='ocrx_word' id='word_1_33' title='bbox 122 785 219 871; x_wconf 89' lang='lat' dir='ltr'><strong>[haut</strong></span> <span class='ocrx_word' id='word_1_34' title='bbox 243 786 338 849; x_wconf 89' lang='lat' dir='ltr'><strong>aliter</strong></span> <span class='ocrx_word' id='word_1_35' title='bbox 360 789 462 849; x_wconf 88' lang='lat' dir='ltr'><strong>terras</strong></span> <span class='ocrx_word' id='word_1_36' title='bbox 485 786 571 848; x_wconf 87' lang='lat' dir='ltr'><strong>inter</strong></span> <span class='ocrx_word' id='word_1_37' title='bbox 594 785 779 870; x_wconf 85' lang='lat' dir='ltr'><strong>caelumque</strong></span> <span class='ocrx_word' id='word_1_38' title='bbox 801 784 932 850; x_wconf 87' lang='lat' dir='ltr'><strong>volabat</strong></span> 
     </span>
     <span class='ocr_line' id='line_1_7' title="bbox 119 880 976 966; baseline -0.001 -21"><span class='ocrx_word' id='word_1_39' title='bbox 119 883 202 946; x_wconf 90' lang='lat' dir='ltr'><strong>litus</strong></span> <span class='ocrx_word' id='word_1_40' title='bbox 224 881 420 945; x_wconf 82' lang='lat' dir='ltr'>harenosum</span> <span class='ocrx_word' id='word_1_41' title='bbox 442 882 482 945; x_wconf 90' lang='lat' dir='ltr'><strong>ad</strong></span> <span class='ocrx_word' id='word_1_42' title='bbox 503 880 625 966; x_wconf 80' lang='lat' dir='ltr'>Libyae</span> <span class='ocrx_word' id='word_1_43' title='bbox 646 886 824 966; x_wconf 82' lang='lat' dir='ltr'><strong>ventosque</strong></span> <span class='ocrx_word' id='word_1_44' title='bbox 847 880 976 946; x_wconf 87' lang='lat' dir='ltr'><strong>secabat</strong></span> 
     </span>
     <span class='ocr_line' id='line_1_8' title="bbox 119 975 895 1064; baseline 0.001 -22"><span class='ocrx_word' id='word_1_45' title='bbox 119 983 269 1042; x_wconf 89' lang='lat' dir='ltr'><strong>materno</strong></span> <span class='ocrx_word' id='word_1_46' title='bbox 294 979 425 1042; x_wconf 88' lang='lat' dir='ltr'><strong>veniens</strong></span> <span class='ocrx_word' id='word_1_47' title='bbox 449 978 489 1042; x_wconf 83' lang='lat' dir='ltr'><strong>ab</strong></span> <span class='ocrx_word' id='word_1_48' title='bbox 514 1000 573 1043; x_wconf 78' lang='lat' dir='ltr'><strong>avo</strong></span> <span class='ocrx_word' id='word_1_49' title='bbox 597 975 743 1061; x_wconf 81' lang='lat' dir='ltr'><strong>Cyllenia</strong></span> <span class='ocrx_word' id='word_1_50' title='bbox 765 977 895 1064; x_wconf 86' lang='lat' dir='ltr'><strong>proles]</strong></span> 
     </span>
     <span class='ocr_line' id='line_1_9' title="bbox 119 1075 891 1161; baseline 0.001 -22"><span class='ocrx_word' id='word_1_51' title='bbox 119 1079 160 1139; x_wconf 90' lang='lat' dir='ltr'><strong>ut</strong></span> <span class='ocrx_word' id='word_1_52' title='bbox 182 1075 325 1159; x_wconf 89' lang='lat' dir='ltr'><strong>primum</strong></span> <span class='ocrx_word' id='word_1_53' title='bbox 348 1075 443 1138; x_wconf 85' lang='lat' dir='ltr'><strong>alatis</strong></span> <span class='ocrx_word' id='word_1_54' title='bbox 466 1075 577 1160; x_wconf 81' lang='lat' dir='ltr'><strong>tetigit</strong></span> <span class='ocrx_word' id='word_1_55' title='bbox 599 1076 740 1160; x_wconf 84' lang='lat' dir='ltr'><strong>magalia</strong></span> <span class='ocrx_word' id='word_1_56' title='bbox 761 1075 891 1161; x_wconf 84' lang='lat' dir='ltr'><strong>plantis,</strong></span> 
     </span>
     <span class='ocr_line' id='line_1_10' title="bbox 119 1170 1137 1240; baseline 0.004 -5"><span class='ocrx_word' id='word_1_57' title='bbox 119 1171 256 1235; x_wconf 82' lang='lat' dir='ltr'><strong>Aenean</strong></span> <span class='ocrx_word' id='word_1_58' title='bbox 277 1170 467 1234; x_wconf 76' lang='lat' dir='ltr'><strong>fundantem</strong></span> <span class='ocrx_word' id='word_1_59' title='bbox 489 1193 576 1235; x_wconf 88' lang='lat' dir='ltr'><strong>arces</strong></span> <span class='ocrx_word' id='word_1_60' title='bbox 600 1194 636 1237; x_wconf 88' lang='lat' dir='ltr'><strong>ac</strong></span> <span class='ocrx_word' id='word_1_61' title='bbox 657 1177 744 1237; x_wconf 84' lang='lat' dir='ltr'><strong>tecta</strong></span> <span class='ocrx_word' id='word_1_62' title='bbox 765 1178 939 1238; x_wconf 87' lang='lat' dir='ltr'><strong>novantem</strong></span> <span class='ocrx_word' id='word_1_63' title='bbox 1084 1191 1137 1240; x_wconf 76' lang='lat' dir='ltr'><strong>coo</strong></span> 
     </span>
     <span class='ocr_line' id='line_1_11' title="bbox 119 1266 931 1353; baseline 0.001 -20"><span class='ocrx_word' id='word_1_64' title='bbox 119 1268 288 1352; x_wconf 74' lang='lat' dir='ltr'><strong>conspicit.</strong></span> <span class='ocrx_word' id='word_1_65' title='bbox 336 1271 433 1350; x_wconf 88' lang='lat' dir='ltr'><strong>atque</strong></span> <span class='ocrx_word' id='word_1_66' title='bbox 455 1266 505 1330; x_wconf 83' lang='lat' dir='ltr'><strong>illi</strong></span> <span class='ocrx_word' id='word_1_67' title='bbox 528 1267 676 1332; x_wconf 87' lang='lat' dir='ltr'><strong>stellatus</strong></span> <span class='ocrx_word' id='word_1_68' title='bbox 698 1270 820 1353; x_wconf 86' lang='lat' dir='ltr'><strong>iaspide</strong></span> <span class='ocrx_word' id='word_1_69' title='bbox 843 1271 931 1334; x_wconf 84' lang='lat' dir='ltr'><strong>fulva</strong></span> 
     </span>
     <span class='ocr_line' id='line_1_12' title="bbox 120 1363 910 1449; baseline 0.004 -21"><span class='ocrx_word' id='word_1_70' title='bbox 120 1365 209 1429; x_wconf 88' lang='lat' dir='ltr'><strong>ensis</strong></span> <span class='ocrx_word' id='word_1_71' title='bbox 234 1367 313 1449; x_wconf 81' lang='lat' dir='ltr'><strong>erat,</strong></span> <span class='ocrx_word' id='word_1_72' title='bbox 336 1363 499 1446; x_wconf 81' lang='lat' dir='ltr'><strong>Tyrioque</strong></span> <span class='ocrx_word' id='word_1_73' title='bbox 522 1364 653 1429; x_wconf 85' lang='lat' dir='ltr'><strong>ardebat</strong></span> <span class='ocrx_word' id='word_1_74' title='bbox 675 1368 795 1432; x_wconf 85' lang='lat' dir='ltr'><strong>murice</strong></span> <span class='ocrx_word' id='word_1_75' title='bbox 818 1369 910 1432; x_wconf 86' lang='lat' dir='ltr'><strong>laena</strong></span> 
     </span>
     <span class='ocr_line' id='line_1_13' title="bbox 119 1459 954 1546; baseline 0.002 -20"><span class='ocrx_word' id='word_1_76' title='bbox 119 1461 262 1526; x_wconf 90' lang='lat' dir='ltr'><strong>demissa</strong></span> <span class='ocrx_word' id='word_1_77' title='bbox 285 1483 324 1525; x_wconf 85' lang='lat' dir='ltr'><strong>ex</strong></span> <span class='ocrx_word' id='word_1_78' title='bbox 347 1461 477 1546; x_wconf 76' lang='lat' dir='ltr'><strong>nmeriS,</strong></span> <span class='ocrx_word' id='word_1_79' title='bbox 500 1459 588 1525; x_wconf 80' lang='lat' dir='ltr'><strong>dives</strong></span> <span class='ocrx_word' id='word_1_80' title='bbox 611 1484 692 1545; x_wconf 87' lang='lat' dir='ltr'><strong>quae</strong></span> <span class='ocrx_word' id='word_1_81' title='bbox 715 1485 848 1528; x_wconf 84' lang='lat' dir='ltr'><strong>munera</strong></span> <span class='ocrx_word' id='word_1_82' title='bbox 869 1462 954 1528; x_wconf 89' lang='lat' dir='ltr'><strong>Dido</strong></span> 
     </span>
     <span class='ocr_line' id='line_1_14' title="bbox 117 1558 842 1626; baseline 0.003 -2"><span class='ocrx_word' id='word_1_83' title='bbox 117 1560 243 1624; x_wconf 87' lang='lat' dir='ltr'><strong>fecerat</strong></span> <span class='ocrx_word' id='word_1_84' title='bbox 266 1562 299 1622; x_wconf 92' lang='lat' dir='ltr'><strong>et</strong></span> <span class='ocrx_word' id='word_1_85' title='bbox 320 1559 412 1622; x_wconf 88' lang='lat' dir='ltr'><strong>tenui</strong></span> <span class='ocrx_word' id='word_1_86' title='bbox 434 1559 516 1622; x_wconf 87' lang='lat' dir='ltr'><strong>telas</strong></span> <span class='ocrx_word' id='word_1_87' title='bbox 539 1558 732 1624; x_wconf 73' lang='lat' dir='ltr'><strong>discreverat</strong></span> <span class='ocrx_word' id='word_1_88' title='bbox 755 1583 842 1626; x_wconf 87' lang='lat' dir='ltr'><strong>auro.</strong></span> 
     </span>
     <span class='ocr_line' id='line_1_15' title="bbox 119 1655 1137 1742; baseline 0.002 -20"><span class='ocrx_word' id='word_1_89' title='bbox 119 1657 278 1722; x_wconf 86' lang='lat' dir='ltr'><strong>continuo</strong></span> <span class='ocrx_word' id='word_1_90' title='bbox 301 1655 437 1720; x_wconf 84' lang='lat' dir='ltr'><strong>invadit:</strong></span> <span class='ocrx_word' id='word_1_91' title='bbox 462 1655 510 1719; x_wconf 75' lang='lat' dir='ltr'><strong>‘tu</strong></span> <span class='ocrx_word' id='word_1_92' title='bbox 532 1677 617 1720; x_wconf 90' lang='lat' dir='ltr'><strong>nunc</strong></span> <span class='ocrx_word' id='word_1_93' title='bbox 638 1655 849 1742; x_wconf 75' lang='lat' dir='ltr'><strong>Karthaginis</strong></span> <span class='ocrx_word' id='word_1_94' title='bbox 873 1658 956 1722; x_wconf 86' lang='lat' dir='ltr'><strong>altae</strong></span> <span class='ocrx_word' id='word_1_95' title='bbox 1081 1676 1137 1724; x_wconf 76' lang='lat' dir='ltr'><strong>‘roo</strong></span> 
     </span>
     <span class='ocr_line' id='line_1_16' title="bbox 118 1751 984 1835; baseline -0.001 -17"><span class='ocrx_word' id='word_1_96' title='bbox 118 1755 333 1818; x_wconf 83' lang='lat' dir='ltr'><strong>fundamenta</strong></span> <span class='ocrx_word' id='word_1_97' title='bbox 353 1752 441 1816; x_wconf 92' lang='lat' dir='ltr'><strong>locas</strong></span> <span class='ocrx_word' id='word_1_98' title='bbox 463 1751 693 1835; x_wconf 80' lang='lat' dir='ltr'><strong>pulchramque</strong></span> <span class='ocrx_word' id='word_1_99' title='bbox 715 1752 847 1817; x_wconf 84' lang='lat' dir='ltr'><strong>uxorius</strong></span> <span class='ocrx_word' id='word_1_100' title='bbox 870 1753 984 1818; x_wconf 86' lang='lat' dir='ltr'><strong>urbem</strong></span> 
     </span>
     <span class='ocr_line' id='line_1_17' title="bbox 119 1848 936 1934; baseline -0.001 -19"><span class='ocrx_word' id='word_1_101' title='bbox 119 1851 248 1916; x_wconf 86' lang='lat' dir='ltr'><strong>extruis</strong></span> <span class='ocrx_word' id='word_1_102' title='bbox 270 1848 335 1913; x_wconf 88' lang='lat' dir='ltr'><strong>heu</strong></span> <span class='ocrx_word' id='word_1_103' title='bbox 357 1849 448 1934; x_wconf 85' lang='lat' dir='ltr'><strong>regni</strong></span> <span class='ocrx_word' id='word_1_104' title='bbox 471 1870 640 1932; x_wconf 89' lang='lat' dir='ltr'><strong>rerumque</strong></span> <span class='ocrx_word' id='word_1_105' title='bbox 664 1848 765 1912; x_wconf 88' lang='lat' dir='ltr'><strong>oblite</strong></span> <span class='ocrx_word' id='word_1_106' title='bbox 786 1850 936 1914; x_wconf 78' lang='lat' dir='ltr'><strong>tuarum?</strong></span> 
     </span>
     <span class='ocr_line' id='line_1_18' title="bbox 116 1943 904 2032; baseline -0.001 -20"><span class='ocrx_word' id='word_1_107' title='bbox 116 1949 195 2032; x_wconf 88' lang='lat' dir='ltr'><strong>ipse</strong></span> <span class='ocrx_word' id='word_1_108' title='bbox 217 1947 311 2010; x_wconf 91' lang='lat' dir='ltr'><strong>deum</strong></span> <span class='ocrx_word' id='word_1_109' title='bbox 332 1945 395 2009; x_wconf 91' lang='lat' dir='ltr'><strong>tibi</strong></span> <span class='ocrx_word' id='word_1_110' title='bbox 417 1967 468 2010; x_wconf 92' lang='lat' dir='ltr'><strong>me</strong></span> <span class='ocrx_word' id='word_1_111' title='bbox 491 1945 577 2010; x_wconf 88' lang='lat' dir='ltr'><strong>claro</strong></span> <span class='ocrx_word' id='word_1_112' title='bbox 601 1945 743 2010; x_wconf 87' lang='lat' dir='ltr'><strong>demittit</strong></span> <span class='ocrx_word' id='word_1_113' title='bbox 766 1943 904 2030; x_wconf 87' lang='lat' dir='ltr'>Olympo</span> 
     </span>
     <span class='ocr_line' id='line_1_19' title="bbox 117 2043 1084 2131; baseline 0 -23"><span class='ocrx_word' id='word_1_114' title='bbox 117 2047 287 2129; x_wconf 84' lang='lat' dir='ltr'><strong>regnator,</strong></span> <span class='ocrx_word' id='word_1_115' title='bbox 309 2043 431 2106; x_wconf 90' lang='lat' dir='ltr'><strong>caelum</strong></span> <span class='ocrx_word' id='word_1_116' title='bbox 454 2063 490 2106; x_wconf 88' lang='lat' dir='ltr'><strong>ac</strong></span> <span class='ocrx_word' id='word_1_117' title='bbox 512 2046 615 2106; x_wconf 88' lang='lat' dir='ltr'><strong>terras</strong></span> <span class='ocrx_word' id='word_1_118' title='bbox 639 2043 695 2126; x_wconf 88' lang='lat' dir='ltr'><strong>qui</strong></span> <span class='ocrx_word' id='word_1_119' title='bbox 716 2044 848 2107; x_wconf 90' lang='lat' dir='ltr'><strong>numine</strong></span> <span class='ocrx_word' id='word_1_120' title='bbox 870 2048 1011 2131; x_wconf 75' lang='lat' dir='ltr'><strong>torquet,</strong></span> <span class='ocrx_word' id='word_1_121' title='bbox 1082 2091 1084 2098; x_wconf 83' lang='lat'>-</span> 
     </span>
     <span class='ocr_line' id='line_1_20' title="bbox 117 2138 1140 2226; baseline 0.002 -20"><span class='ocrx_word' id='word_1_122' title='bbox 117 2144 195 2226; x_wconf 90' lang='lat' dir='ltr'><strong>ipse</strong></span> <span class='ocrx_word' id='word_1_123' title='bbox 215 2140 295 2204; x_wconf 84' lang='lat' dir='ltr'><strong>haec</strong></span> <span class='ocrx_word' id='word_1_124' title='bbox 316 2140 400 2204; x_wconf 86' lang='lat' dir='ltr'><strong>ferre</strong></span> <span class='ocrx_word' id='word_1_125' title='bbox 422 2138 513 2202; x_wconf 85' lang='lat' dir='ltr'><strong>iubet</strong></span> <span class='ocrx_word' id='word_1_126' title='bbox 536 2139 647 2203; x_wconf 89' lang='lat' dir='ltr'><strong>celeris</strong></span> <span class='ocrx_word' id='word_1_127' title='bbox 670 2140 822 2204; x_wconf 88' lang='lat' dir='ltr'><strong>mandata</strong></span> <span class='ocrx_word' id='word_1_128' title='bbox 844 2162 901 2224; x_wconf 91' lang='lat' dir='ltr'><strong>per</strong></span> <span class='ocrx_word' id='word_1_129' title='bbox 924 2164 1031 2207; x_wconf 83' lang='lat' dir='ltr'><strong>auras:</strong></span> <span class='ocrx_word' id='word_1_130' title='bbox 1081 2161 1140 2210; x_wconf 72' lang='lat' dir='ltr'><strong>‘ero</strong></span> 
     </span>
     <span class='ocr_line' id='line_1_21' title="bbox 119 2234 1080 2324; baseline 0 -22"><span class='ocrx_word' id='word_1_131' title='bbox 119 2238 204 2323; x_wconf 91' lang='lat' dir='ltr'><strong>quid</strong></span> <span class='ocrx_word' id='word_1_132' title='bbox 226 2236 349 2301; x_wconf 86' lang='lat' dir='ltr'><strong>struis?</strong></span> <span class='ocrx_word' id='word_1_133' title='bbox 374 2239 430 2300; x_wconf 85' lang='lat' dir='ltr'><strong>aut</strong></span> <span class='ocrx_word' id='word_1_134' title='bbox 453 2257 517 2319; x_wconf 92' lang='lat' dir='ltr'><strong>qua</strong></span> <span class='ocrx_word' id='word_1_135' title='bbox 540 2257 596 2319; x_wconf 91' lang='lat' dir='ltr'><strong>spe</strong></span> <span class='ocrx_word' id='word_1_136' title='bbox 618 2234 748 2319; x_wconf 88' lang='lat' dir='ltr'><strong>Libycis</strong></span> <span class='ocrx_word' id='word_1_137' title='bbox 766 2235 849 2318; x_wconf 72' lang='lat' dir='ltr'><strong>teris</strong></span> <span class='ocrx_word' id='word_1_138' title='bbox 873 2236 940 2300; x_wconf 86' lang='lat' dir='ltr'><strong>otia</strong></span> <span class='ocrx_word' id='word_1_139' title='bbox 962 2238 1080 2324; x_wconf 81' lang='lat' dir='ltr'><strong>terris?</strong></span> 
     </span>
     <span class='ocr_line' id='line_1_22' title="bbox 119 2332 900 2419; baseline -0.008 -18"><span class='ocrx_word' id='word_1_140' title='bbox 119 2337 150 2402; x_wconf 91' lang='lat' dir='ltr'><strong>si</strong></span> <span class='ocrx_word' id='word_1_141' title='bbox 174 2339 209 2399; x_wconf 89' lang='lat' dir='ltr'><strong>tc</strong></span> <span class='ocrx_word' id='word_1_142' title='bbox 230 2334 320 2398; x_wconf 82' lang='lat' dir='ltr'><strong>nulla</strong></span> <span class='ocrx_word' id='word_1_143' title='bbox 341 2336 450 2397; x_wconf 87' lang='lat' dir='ltr'><strong>movet</strong></span> <span class='ocrx_word' id='word_1_144' title='bbox 472 2336 637 2397; x_wconf 85' lang='lat' dir='ltr'><strong>tantarum</strong></span> <span class='ocrx_word' id='word_1_145' title='bbox 658 2332 762 2418; x_wconf 86' lang='lat' dir='ltr'><strong>gloria</strong></span> <span class='ocrx_word' id='word_1_146' title='bbox 784 2353 900 2419; x_wconf 75' lang='lat' dir='ltr'><strong>rerum,</strong></span> 
     </span>
     <span class='ocr_line' id='line_1_23' title="bbox 117 2427 1134 2514; baseline -0.001 -17"><span class='ocrx_word' id='word_1_147' title='bbox 117 2431 314 2498; x_wconf 82' lang='lat' dir='ltr'><strong>Ascanium·</strong></span> <span class='ocrx_word' id='word_1_148' title='bbox 322 2433 507 2514; x_wconf 81' lang='lat' dir='ltr'><strong>surgentem</strong></span> <span class='ocrx_word' id='word_1_149' title='bbox 530 2432 562 2493; x_wconf 88' lang='lat' dir='ltr'><strong>et</strong></span> <span class='ocrx_word' id='word_1_150' title='bbox 585 2451 657 2513; x_wconf 86' lang='lat' dir='ltr'><strong>spes</strong></span> <span class='ocrx_word' id='word_1_151' title='bbox 680 2428 805 2493; x_wconf 87' lang='lat' dir='ltr'><strong>heredis</strong></span> <span class='ocrx_word' id='word_1_152' title='bbox 827 2427 892 2493; x_wconf 80' lang='lat' dir='ltr'><strong>Iuli</strong></span> <span class='ocrx_word' id='word_1_153' title='bbox 1081 2450 1134 2499; x_wconf 73' lang='lat'><strong>274</strong></span> 
     </span>
     <span class='ocr_line' id='line_1_24' title="bbox 117 2525 1137 2614; baseline -0.001 -19"><span class='ocrx_word' id='word_1_154' title='bbox 117 2529 255 2614; x_wconf 80' lang='lat' dir='ltr'><strong>respice,</strong></span> <span class='ocrx_word' id='word_1_155' title='bbox 277 2527 329 2590; x_wconf 91' lang='lat' dir='ltr'><strong>cui</strong></span> <span class='ocrx_word' id='word_1_156' title='bbox 352 2547 488 2611; x_wconf 84' lang='lat' dir='ltr'><strong>regnum</strong></span> <span class='ocrx_word' id='word_1_157' title='bbox 509 2525 623 2590; x_wconf 86' lang='lat' dir='ltr'><strong>Italiae</strong></span> <span class='ocrx_word' id='word_1_158' title='bbox 645 2525 854 2610; x_wconf 86' lang='lat' dir='ltr'><strong>Romanaque</strong></span> <span class='ocrx_word' id='word_1_159' title='bbox 877 2526 974 2592; x_wconf 89' lang='lat' dir='ltr'><strong>tellus</strong></span> <span class='ocrx_word' id='word_1_160' title='bbox 1082 2547 1137 2594; x_wconf 72' lang='lat' dir='ltr'><strong>aas</strong></span> 
     </span>
     <span class='ocr_line' id='line_1_25' title="bbox 118 2613 823 2706; baseline -0.006 -16"><span class='ocrx_word' id='word_1_161' title='bbox 118 2613 302 2690; x_wconf 70' lang='lat' dir='ltr'><strong>debentur?</strong></span> <span class='ocrx_word' id='word_1_162' title='bbox 347 2623 407 2686; x_wconf 87' lang='lat' dir='ltr'><strong>tali</strong></span> <span class='ocrx_word' id='word_1_163' title='bbox 430 2619 595 2706; x_wconf 76' lang='lat' dir='ltr'><strong>Cyllenius</strong></span> <span class='ocrx_word' id='word_1_164' title='bbox 619 2644 673 2687; x_wconf 91' lang='lat' dir='ltr'><strong>ore</strong></span> <span class='ocrx_word' id='word_1_165' title='bbox 695 2624 823 2688; x_wconf 89' lang='lat' dir='ltr'><strong>locutus</strong></span> 
     </span>
     <span class='ocr_line' id='line_1_26' title="bbox 117 2720 844 2805; baseline -0.006 -17"><span class='ocrx_word' id='word_1_166' title='bbox 117 2721 270 2788; x_wconf 87' lang='lat' dir='ltr'><strong>mortalis</strong></span> <span class='ocrx_word' id='word_1_167' title='bbox 293 2721 384 2784; x_wconf 88' lang='lat' dir='ltr'><strong>visus</strong></span> <span class='ocrx_word' id='word_1_168' title='bbox 406 2720 511 2783; x_wconf 90' lang='lat' dir='ltr'><strong>medio</strong></span> <span class='ocrx_word' id='word_1_169' title='bbox 535 2741 680 2784; x_wconf 87' lang='lat' dir='ltr'><strong>sermone</strong></span> <span class='ocrx_word' id='word_1_170' title='bbox 702 2720 844 2805; x_wconf 77' lang='lat' dir='ltr'><strong>reliquit,</strong></span> 
     </span>
     <span class='ocr_line' id='line_1_27' title="bbox 118 2817 979 2903; baseline -0.001 -18"><span class='ocrx_word' id='word_1_171' title='bbox 118 2826 153 2885; x_wconf 92' lang='lat' dir='ltr'><strong>et</strong></span> <span class='ocrx_word' id='word_1_172' title='bbox 178 2819 292 2903; x_wconf 84' lang='lat' dir='ltr'><strong>procul</strong></span> <span class='ocrx_word' id='word_1_173' title='bbox 313 2817 349 2880; x_wconf 92' lang='lat' dir='ltr'><strong>in</strong></span> <span class='ocrx_word' id='word_1_174' title='bbox 371 2820 500 2882; x_wconf 89' lang='lat' dir='ltr'><strong>tenuem</strong></span> <span class='ocrx_word' id='word_1_175' title='bbox 522 2838 561 2880; x_wconf 91' lang='lat' dir='ltr'><strong>ex</strong></span> <span class='ocrx_word' id='word_1_176' title='bbox 584 2817 685 2881; x_wconf 89' lang='lat' dir='ltr'><strong>oculis</strong></span> <span class='ocrx_word' id='word_1_177' title='bbox 708 2817 839 2882; x_wconf 78' lang='lat' dir='ltr'><strong>evannit</strong></span> <span class='ocrx_word' id='word_1_178' title='bbox 861 2839 979 2884; x_wconf 87' lang='lat' dir='ltr'><strong>auram</strong></span> 
     </span>
    </p>

    <p class='ocr_par' dir='ltr' id='par_1_3' title="bbox 116 2913 1132 3388">
     <span class='ocr_line' id='line_1_28' title="bbox 165 2913 933 2997; baseline -0.004 -16"><span class='ocrx_word' id='word_1_179' title='bbox 165 2915 214 2982; x_wconf 82' lang='lat' dir='ltr'><strong>At</strong></span> <span class='ocrx_word' id='word_1_180' title='bbox 236 2937 312 2980; x_wconf 88' lang='lat' dir='ltr'><strong>vero</strong></span> <span class='ocrx_word' id='word_1_181' title='bbox 335 2913 461 2978; x_wconf 85' lang='lat' dir='ltr'><strong>Aeneas</strong></span> <span class='ocrx_word' id='word_1_182' title='bbox 484 2917 616 2997; x_wconf 87' lang='lat' dir='ltr'><strong>aspectu</strong></span> <span class='ocrx_word' id='word_1_183' title='bbox 639 2913 802 2979; x_wconf 89' lang='lat' dir='ltr'><strong>obmutuit</strong></span> <span class='ocrx_word' id='word_1_184' title='bbox 824 2935 933 2978; x_wconf 87' lang='lat' dir='ltr'><strong>amens</strong></span> 
     </span>
     <span class='ocr_line' id='line_1_29' title="bbox 118 3009 1132 3101; baseline 0 -23"><span class='ocrx_word' id='word_1_185' title='bbox 118 3015 344 3101; x_wconf 86' lang='lat' dir='ltr'><strong>[arrectaeque</strong></span> <span class='ocrx_word' id='word_1_186' title='bbox 356 3010 490 3075; x_wconf 89' lang='lat' dir='ltr'><strong>horrore</strong></span> <span class='ocrx_word' id='word_1_187' title='bbox 504 3031 621 3098; x_wconf 86' lang='lat' dir='ltr'><strong>comae,</strong></span> <span class='ocrx_word' id='word_1_188' title='bbox 634 3015 667 3075; x_wconf 91' lang='lat' dir='ltr'><strong>et</strong></span> <span class='ocrx_word' id='word_1_189' title='bbox 680 3032 743 3075; x_wconf 82' lang='lat' dir='ltr'><strong>vox</strong></span> <span class='ocrx_word' id='word_1_190' title='bbox 757 3009 904 3074; x_wconf 86' lang='lat' dir='ltr'><strong>faucibus</strong></span> <span class='ocrx_word' id='word_1_191' title='bbox 917 3009 1045 3095; x_wconf 69' lang='lat' dir='ltr'><strong>haesit}</strong></span> <span class='ocrx_word' id='word_1_192' title='bbox 1081 3030 1132 3078; x_wconf 81' lang='lat'><strong>280</strong></span> 
     </span>
     <span class='ocr_line' id='line_1_30' title="bbox 118 3107 999 3194; baseline 0 -18"><span class='ocrx_word' id='word_1_193' title='bbox 118 3111 214 3178; x_wconf 86' lang='lat' dir='ltr'><strong>ardet</strong></span> <span class='ocrx_word' id='word_1_194' title='bbox 237 3108 325 3173; x_wconf 86' lang='lat' dir='ltr'><strong>abire</strong></span> <span class='ocrx_word' id='word_1_195' title='bbox 347 3108 426 3193; x_wconf 83' lang='lat' dir='ltr'><strong>fuga</strong></span> <span class='ocrx_word' id='word_1_196' title='bbox 448 3107 613 3193; x_wconf 87' lang='lat' dir='ltr'><strong>dulcisque</strong></span> <span class='ocrx_word' id='word_1_197' title='bbox 634 3108 814 3190; x_wconf 84' lang='lat' dir='ltr'><strong>relinquere</strong></span> <span class='ocrx_word' id='word_1_198' title='bbox 836 3111 949 3194; x_wconf 83' lang='lat' dir='ltr'><strong>terras,</strong></span> <span class='ocrx_word' id='word_1_199' title='bbox 997 3173 999 3176; x_wconf 84' lang='lat'>.</span> 
     </span>
     <span class='ocr_line' id='line_1_31' title="bbox 117 3203 930 3288; baseline -0.006 -15"><span class='ocrx_word' id='word_1_200' title='bbox 117 3207 282 3274; x_wconf 86' lang='lat' dir='ltr'><strong>attonitus</strong></span> <span class='ocrx_word' id='word_1_201' title='bbox 305 3209 399 3269; x_wconf 83' lang='lat' dir='ltr'><strong>tanto</strong></span> <span class='ocrx_word' id='word_1_202' title='bbox 422 3205 548 3269; x_wconf 88' lang='lat' dir='ltr'><strong>monitu</strong></span> <span class='ocrx_word' id='word_1_203' title='bbox 571 3204 769 3288; x_wconf 88' lang='lat' dir='ltr'><strong>imperioque</strong></span> <span class='ocrx_word' id='word_1_204' title='bbox 791 3203 930 3268; x_wconf 89' lang='lat' dir='ltr'><strong>deorum.</strong></span> 
     </span>
     <span class='ocr_line' id='line_1_32' title="bbox 116 3299 1092 3388; baseline -0.006 -17"><span class='ocrx_word' id='word_1_205' title='bbox 116 3307 187 3370; x_wconf 88' lang='lat' dir='ltr'><strong>heu</strong></span> <span class='ocrx_word' id='word_1_206' title='bbox 210 3304 286 3388; x_wconf 88' lang='lat' dir='ltr'><strong>quid</strong></span> <span class='ocrx_word' id='word_1_207' title='bbox 309 3301 406 3387; x_wconf 79' lang='lat' dir='ltr'><strong>agat?</strong></span> <span class='ocrx_word' id='word_1_208' title='bbox 431 3322 495 3385; x_wconf 93' lang='lat' dir='ltr'><strong>quo</strong></span> <span class='ocrx_word' id='word_1_209' title='bbox 516 3322 601 3365; x_wconf 91' lang='lat' dir='ltr'><strong>nunc</strong></span> <span class='ocrx_word' id='word_1_210' title='bbox 623 3301 767 3386; x_wconf 84' lang='lat' dir='ltr'><strong>reginam</strong></span> <span class='ocrx_word' id='word_1_211' title='bbox 790 3299 911 3364; x_wconf 85' lang='lat' dir='ltr'><strong>ambire</strong></span> <span class='ocrx_word' id='word_1_212' title='bbox 933 3302 1092 3366; x_wconf 82' lang='lat' dir='ltr'><strong>furentem</strong></span> 
     </span>
    </p>
   </div>
   <div class='ocr_carea' id='block_1_3' title="bbox 115 3501 1130 3650">
    <p class='ocr_par' dir='ltr' id='par_1_4' title="bbox 115 3501 1130 3650">
     <span class='ocr_line' id='line_1_33' title="bbox 115 3501 1130 3579; baseline -0.006 -13"><span class='ocrx_word' id='word_1_213' title='bbox 115 3523 179 3566; x_wconf 89' lang='lat' dir='ltr'><strong>nec</strong></span> <span class='ocrx_word' id='word_1_214' title='bbox 203 3522 291 3579; x_wconf 88' lang='lat' dir='ltr'><strong>super</strong></span> <span class='ocrx_word' id='word_1_215' title='bbox 312 3503 377 3578; x_wconf 90' lang='lat' dir='ltr'><strong>ipse</strong></span> <span class='ocrx_word' id='word_1_216' title='bbox 401 3506 455 3560; x_wconf 88' lang='lat' dir='ltr'><strong>tua</strong></span> <span class='ocrx_word' id='word_1_217' title='bbox 477 3501 591 3560; x_wconf 87' lang='lat' dir='ltr'><strong>moliris</strong></span> <span class='ocrx_word' id='word_1_218' title='bbox 614 3501 702 3560; x_wconf 84' lang='lat' dir='ltr'><strong>laude</strong></span> <span class='ocrx_word' id='word_1_219' title='bbox 725 3501 859 3560; x_wconf 85' lang='lat' dir='ltr'><strong>laborem</strong></span> <span class='ocrx_word' id='word_1_220' title='bbox 1079 3513 1130 3560; x_wconf 77' lang='lat'><strong>273</strong></span> 
     </span>
     <span class='ocr_line' id='line_1_34' title="bbox 918 3600 971 3650; baseline 0 0"><span class='ocrx_word' id='word_1_221' title='bbox 918 3600 971 3650; x_wconf 75' lang='lat'><strong>12*</strong></span> 
     </span>
    </p>
   </div>
   <div class='ocr_carea' id='block_1_4' title="bbox 0 0 1310 3964">
    <p class='ocr_par' dir='ltr' id='par_1_5' title="bbox 0 0 1310 3964">
     <span class='ocr_line' id='line_1_35' title="bbox 0 0 1310 3964; baseline 0 0"><span class='ocrx_word' id='word_1_222' title='bbox 0 0 1310 3964; x_wconf 95' lang='lat' dir='ltr'><strong> </strong></span> 
     </span>
    </p>
   </div>
  </div>
 </body>
</html>
