2612 3964
198 233 260 296 118
538 230 685 286 vasam
703 199 834 286 anans
853 231 865 283 1

195 416 271 458 casu
292 393 405 457 deinde
427 393 489 457 viri
512 397 618 478 tanto,
641 397 673 457 et
697 393 742 456 sic
765 414 819 457 ore
841 393 949 456 locuta
972 397 1034 456 est:

196 491 280 574 ‘quis
303 494 349 575 te,
371 493 446 553 nate
469 490 539 574 dea,
563 511 620 572 per
643 493 734 553 tanta
756 489 898 573 pericula
921 511 1012 554 casus
1160 507 1217 556 als

196 586 398 670 insequitur?
421 608 504 669 quae
525 586 574 649 vis
597 586 791 650 immanibus
815 586 955 669 applicat
978 587 1066 650 cris?

196 687 273 747 tune
296 684 351 747 ille
372 683 511 769 Aeneas,
535 705 629 766 quem
650 682 813 747 Dardanio
837 683 996 748 Anchisae

197 779 280 843 alma
303 778 413 844 Venus
435 778 571 864 Phrygii
594 780 705 864 genuit
729 777 903 844 Simoentis
927 780 967 844 ad
989 780 1135 844 undam?

197 879 294 960 atquc
316 877 462 960 equidem
483 877 641 941 Teucrum
662 877 793 941 memini
817 875 936 941 Sidona
958 878 1067 941 venire

196 973 315 1038 finibus
339 975 507 1058 expulsum
529 974 659 1058 patriis,
681 996 764 1038 nova
787 994 886 1058 regna
908 978 1072 1056 petentem
1159 993 1218 1042 cao
1295 973 1296 986 ¹

198 1067 318 1135 auxilio
341 1070 424 1155 Beli3
447 1071 576 1155 genitor
598 1074 668 1134 tum
690 1071 787 1134 Belus
812 1070 952 1153 opimam

197 1169 346 1232 vastabat
369 1166 511 1252 Cyprum
534 1172 566 1231 et
588 1168 692 1232 victor
715 1168 838 1231 dicione
861 1168 1000 1232 tenebat.
1023 1236 1026 1242 ,

197 1271 341 1349 tempore
362 1267 427 1330 iam
450 1288 489 1330 ex
512 1267 569 1330 illo
593 1287 685 1329 casus
708 1264 790 1327 mihi
812 1265 961 1349 cognitus
985 1266 1076 1330 urbis
1296 1277 1297 1286 ’

198 1361 354 1426 Troianae
374 1383 555 1446 nomenque
576 1365 670 1425 tuum
693 1381 847 1446 regesque
868 1359 1004 1446 Pelasgi.

198 1459 268 1542 ipse
288 1459 393 1523 hostis
417 1459 556 1523 Teucros
579 1457 700 1542 insigni
721 1458 814 1522 laude
837 1459 974 1546 ferebat,
1159 1481 1217 1530 625

200 1577 296 1638 seque
319 1560 426 1620 ortum
449 1555 582 1639 antiqua
604 1555 799 1618 Teucrorum
822 1579 841 1619 a
865 1557 964 1639 stirpe.
987 1557 1127 1622 volebat.

84 1655 87 1666 '
151 1719 158 1739 ι
200 1674 298 1735 quare
320 1653 406 1736 agite
431 1675 448 1716 o
472 1654 567 1716 tectis
590 1653 720 1716 iuvenes
745 1653 902 1717 succedite
923 1641 1117 1718 nostri-sl*-

156 1785 160 1835 l
199 1769 249 1811 me
272 1769 399 1831 quoque
421 1771 477 1832 per
499 1749 619 1812 multos
643 1748 758 1812 similis
780 1750 910 1813 fortuna
932 1749 1059 1814 labores

157 1872 160 1881 ¹
199 1845 351 1909 iactatam
373 1845 432 1910 hac
454 1847 581 1910 demum
602 1845 706 1909 voluit
729 1845 903 1910 consistere
925 1849 1023 1911 terra:

199 1963 265 2006 non
287 1942 399 2027 ignara
422 1943 499 2006 mali
521 1941 647 2005 miseris
672 1963 853 2007 succurrere
875 1942 983 2006 disco'
1161 1967 1217 2016 530

200 2040 246 2102 sic
268 2044 437 2124 memorat3
461 2040 557 2104 simul
579 2038 711 2103 Aenean
733 2039 768 2102 in
790 2040 878 2124 regia
900 2040 987 2103 ducit

199 2140 297 2221 tecta,
321 2137 417 2200 simul
439 2137 547 2201 divom
570 2137 698 2218 templis
721 2136 834 2200 indicit
855 2135 1019 2201 honorem.

199 2255 257 2298 nec
279 2234 385 2297 minus
409 2235 532 2298 interea
556 2233 651 2296 sociis
675 2232 714 2296 ad
736 2232 833 2296 litora
855 2232 958 2296 mittit

199 2331 315 2416 viginti
338 2335 465 2414 tauros,
487 2352 678 2415 magnorum
701 2329 866 2392 horrentia
888 2333 1016 2394 eentum

199 2432 290 2514 terga
313 2451 415 2512 suurn,
437 2428 567 2512 pinguis
590 2432 718 2490 centum
740 2448 813 2490 cum
835 2427 993 2490 matribus
1017 2449 1130 2516 agnos,
1160 2450 1216 2498 aas

198 2548 330 2589 munera
353 2525 573 2608 laetitiamque
596 2524 648 2588 dii.
809 2537 811 2541 ’

200 2626 233 2686 at
256 2622 368 2686 domus
391 2622 525 2685 interior
548 2622 648 2705 regali
672 2621 837 2705 splendida
858 2620 938 2683 luxu

199 2718 385 2802 instruitur,
406 2711 584 2801 mediisque
607 2721 722 2801 parant
744 2717 889 2781 convivia
912 2718 1018 2781 tectis:

200 2819 268 2877 arte
290 2814 453 2878 laboratae
476 2819 581 2878 vestes
607 2818 758 2897 ostroque
782 2816 933 2900 supcrb0‚

199 2911 312 2995 ingens
336 2915 505 2995 argentum
528 2912 647 2976 mensis
671 2912 854 2994 caelataque
877 2913 912 2976 in
934 2935 1012 2977 auro
1160 2935 1216 2984 640

199 3008 297 3071 fortia
319 3009 404 3070 facta
426 3012 568 3095 patrum,
592 3009 689 3072 series
712 3009 902 3094 longissima
924 3033 1031 3074 rerum

200 3125 256 3188 per
278 3108 329 3168 tot
352 3105 446 3168 dueta
468 3107 555 3169 viros
579 3106 712 3189 antiqua
735 3105 775 3168 ab
800 3107 923 3190 origine
946 3108 1062 3191 gentis.

244 3199 367 3264 Aeneas
391 3198 508 3286 (neque
532 3201 617 3264 enim
640 3203 764 3285 patrius
787 3204 962 3268 consistere
984 3210 1126 3271 mentem

200 3318 314 3380 passus
338 3296 442 3383 amor)
466 3298 613 3380 rapidum
636 3300 675 3362 ad
698 3301 789 3363 navis
813 3301 991 3383 praemittit
1014 3301 1178 3391 Achaten,

199 3392 338 3458 Ascanio
361 3394 444 3456 ferat
466 3393 557 3479 haec,
580 3396 750 3479 ipsumque
773 3397 811 3460 ad
834 3398 959 3462 moenia
982 3398 1089 3484 ducat3
1161 3420 1216 3466 645

199 3490 319 3574 [omnis
342 3491 377 3553 in
399 3490 537 3554 Ascanio
563 3493 627 3556 cari
651 3498 715 3556 stat
739 3515 814 3557 cura
836 3494 1001 3580 parentia]
1119 3527 1126 3546 ·
