2556 3966
370 233 519 296 VERGILI
535 235 668 296 AENElS
687 241 737 296 XII
999 240 1062 306 383

53 406 118 488 ipse
142 404 257 467 dehinc
281 425 359 468 auro
383 404 583 487 squalentem
607 404 744 488 alboque
772 403 930 468 orichalco
952 451 955 456 -
1050 433 1051 438 ¹

53 502 226 566 circumdat
249 501 383 566 loricam
406 501 538 585 umeris;
563 500 659 564 simul
682 505 773 585 aptat
795 500 941 565 habendo

54 613 229 682 ensemque
246 597 447 680 clipeumque
470 600 501 660 et
524 597 641 662 rubrae
664 619 784 662 cornua
807 597 931 682 cristae,

54 717 167 781 ensem,
192 716 288 778 quern
310 691 425 758 Dauno
450 693 635 777 ignipotens
660 695 737 758 deus
761 694 830 777 ipse
852 694 978 776 parenti
1030 711 1063 758 eo

53 793 167 855 fecerat
192 795 224 855 et
248 787 364 875 Stygia
386 788 576 854 candentem
597 792 739 856 tinxerat
761 791 853 854 unda.

55 892 134 954 erim
157 911 240 975 quae
262 888 376 952 mediis
399 887 524 971 ingenti
549 888 664 952 adnixa
687 889 852 952 columnae

55 987 182 1052 aedibus
206 987 366 1074 adstabat,
388 985 526 1050 validam
551 986 584 1049 vi
606 985 740 1068 corripit
763 984 899 1068 hastam,

54 1084 180 1148 Actoris
204 1083 350 1148 Aurunci
373 1083 522 1168 spolium,
547 1086 742 1166 quassatque
765 1085 955 1145 trementem

54 1181 243 1245 vociferans:
268 1180 373 1266 ‘nunc,
396 1201 415 1244 o
439 1201 614 1262 numquam
638 1180 794 1253 frustrata
817 1182 949 1241 vocatus
1028 1195 1062 1244 95

54 1280 142 1342 hasta
164 1301 264 1362 meos,
286 1299 372 1342 nunc
393 1281 521 1362 tempus
545 1275 649 1340 adest:
673 1280 706 1339 te
728 1275 886 1339 maximus
910 1274 1019 1361 Actor,

55 1382 83 1440 te
103 1376 208 1440 Turni
230 1397 317 1439 nunc
339 1375 451 1439 dextra
475 1373 566 1458 gerit.
612 1374 652 1437 da
676 1376 816 1436 sternere
841 1393 955 1455 corpus

55 1474 246 1557 loricamque
269 1494 367 1535 manu
388 1471 494 1535 valida
516 1470 656 1534 lacerare
679 1470 839 1535 revolsam

57 1571 193 1636 semiviri
215 1568 355 1654 Phrygis
379 1573 411 1633 et
433 1568 561 1632 foedare
584 1567 620 1630 in
642 1567 773 1651 pulvere
796 1565 894 1628 crinis

56 1668 197 1732 vibratos
220 1666 327 1730 calido'
346 1666 431 1730 ferro
454 1685 625 1746 murraque
648 1663 827 1728 madentis.>
1013 1679 1061 1728 100

56 1764 101 1828 his
124 1764 235 1848 agitur
257 1762 365 1845 furiis3
388 1765 522 1844 totoque
545 1761 685 1825 ardentis
709 1761 749 1825 ab
774 1781 827 1824 ore

58 1861 209 1926 scintillae
233 1859 405 1943 absistunt,
428 1858 528 1922 oculis
551 1859 648 1922 micat
672 1858 798 1922 aeribus
821 1858 921 1941 ignis:

56 1959 195 2044 mugitus
218 1957 320 2020 veluti
343 1977 415 2018 cum
437 1957 541 2038 prima
564 1956 599 2019 in
620 1955 743 2038 proelia
766 1958 878 2017 taurus

57 2055 208 2118 terrificos
233 2053 296 2116 ciet
319 2056 415 2134 atque
436 2053 532 2116 irasci
553 2053 589 2115 in
611 2074 731 2117 cornua
755 2054 902 2135 temptat,

58 2151 177 2216 arboris
201 2149 339 2214 obnixus
362 2155 486 2234 trunco,
508 2154 685 2233 ventosque
703 2148 831 2212 lacessit
1012 2165 1061 2212 105

57 2249 169 2312 ictibus
193 2237 250 2312 aut
275 2267 385 2330 sparsa
408 2247 448 2311 ad
471 2267 611 2330 pugnam
635 2245 779 2329 proludit
801 2243 927 2308 harena.

95 2345 163 2410 Nec
184 2343 293 2408 minus
316 2343 439 2406 interea
461 2344 614 2406 maternis
640 2364 750 2406 saevos
773 2340 927 2426 inarmis

57 2442 176 2507 Aeneas
200 2441 287 2505 acuit
309 2439 448 2504 Martem
471 2443 502 2503 et
526 2461 559 2504 se
584 2435 718 2504 suscitat
741 2439 798 2524 ira,

59 2539 161 2604 oblato
186 2538 327 2623 gaudens
351 2537 499 2619 componi
521 2537 646 2600 foedere
669 2536 799 2600 bellum.

58 2641 120 2701 tum
142 2637 249 2701 'socios
266 2625 450 2717 ¹maestique
473 2639 594 2698 metum
617 2635 741 2698 solatur
763 2633 836 2720 Iuli,
1011 2649 1059 2697 110

58 2734 117 2798 fata
139 2734 266 2819 decena,
288 2732 420 2816 regique
443 2732 534 2794 iubat
556 2753 709 2814 responsa
732 2729 847 2794 Latino

59 2837 136 2896 certa
159 2831 278 2896 referre
300 2829 387 2893 viros
411 2833 443 2892 et
466 2829 553 2912 pacis
577 2829 679 2892 dicere
701 2828 797 2911 leges.

94 2928 228 2993 Postera
249 2926 304 2991 vix
327 2947 469 2990 summos
493 2925 664 3010 spargebat
686 2925 806 2988 lumina
829 2923 947 2988 montis

60 3031 122 3090 orta
145 3027 222 3110 dies,
245 3025 479 3106 cumprimum
503 3023 569 3086 alto
593 3044 626 3085 se
649 3022 777 3106 gurgite
800 3021 919 3084 tollunt
957 3043 959 3049 ·

61 3123 129 3186 solis
153 3123 228 3206 equi
251 3122 416 3204 lucemque
440 3121 533 3183 elatis
557 3118 688 3182 naribus
712 3117 835 3182 efflant:
1011 3134 1059 3182 115

61 3240 199 3304 campum
222 3219 262 3282 ad
286 3222 445 3282 certamen
466 3237 601 3301 magnae
625 3215 684 3279 sub
710 3215 875 3278 moenibus
899 3211 989 3278 urbis

61 3315 187 3381 dimensi
209 3315 388 3399 Rutulique
411 3315 473 3378 viri
496 3313 671 3395 Teucrique
694 3312 851 3394 parabant

61 3414 276 3498 inmedioque
298 3413 387 3477 focos
412 3416 443 3476 et
466 3411 515 3475 dis
539 3409 761 3475 communibus
785 3429 855 3472 aras

62 3513 239 3594 gramineae.
287 3509 341 3574 alii
364 3511 549 3591 fontemque
572 3507 742 3591 ignemque
765 3504 919 3590 ferebant,
