2576 3970
204 236 266 300 198
537 237 686 292 VERGILI
704 239 836 292 AENEIS
849 239 875 291 V

201 399 292 462 tarda
315 403 413 464 tenet.
458 404 534 484 post
555 400 616 464 hos
640 423 741 484 aequo
765 401 948 466 discrimine
970 400 1087 465 Pristis

203 495 445 580 Centaurusque
467 498 573 560 locum
595 499 732 562 tendunt
756 520 907 580 superare
929 498 1083 581 priorem3
1162 514 1208 559 155

203 597 235 657 et
257 616 342 659 nunc
363 593 479 658 Pristis
502 594 609 679 habet,
630 616 716 658 nunc
738 595 858 658 victam
881 595 1035 679 praeterit
1058 596 1171 680 ingens

203 689 391 778 Centaurus,
413 712 498 755 nunc
519 714 584 756 una
607 693 719 755 ambae
741 693 924 776 iunctisque
947 692 1095 756 feruntur

202 787 364 854 frontibus
388 792 421 854 et
442 789 541 874 longa
564 790 690 853 sulcant
713 789 793 852 vada
818 791 902 853 salsa
925 789 1041 853 carina.

203 885 331 969 iamque
353 886 614 970 propinquabant
638 886 770 970 scopulo
793 892 975 970 metamque
998 886 1161 970 tenebant,

204 1004 276 1047 cum
299 984 447 1068 princeps
466 983 638 1068 medioque
662 981 749 1065 Gyas
773 985 808 1046 in
830 984 960 1068 gurgite
981 983 1086 1047 vietor
1163 999 1208 1048 160

203 1085 360 1146 rectorem
381 1082 472 1146 navis
496 1081 668 1164 compellat
690 1102 767 1144 1011
790 1078 971 1144 Menoeten:

205 1175 281 1260 ‘quo
304 1181 433 1242 tantum
455 1179 535 1242 mihi
558 1179 668 1241 dexter
691 1177 783 1240 abis?
805 1177 869 1241 huc
892 1177 1000 1262 derige
1023 1199 1180 1262 gressum,

204 1274 283 1340 litus
307 1298 378 1340 ama
400 1276 546 1340 1111111
569 1276 709 1358 stringat
732 1274 800 1339 sine
823 1275 964 1358 palmula
987 1279 1110 1359 cautes3

206 1373 307 1436 altum
330 1373 385 1436 alii
408 1373 559 1438 teneant?
605 1371 697 1455 dixit,
720 1371 775 1435 sed
797 1393 888 1436 caeca
910 1372 1074 1436 Menoetes

207 1490 283 1531 saxa
305 1469 421 1532 timens
445 1491 573 1552 proram
596 1469 702 1553 pelagi
726 1469 896 1552 detorquet
919 1469 958 1532 ad
980 1470 1091 1534 undas.
1164 1488 1207 1536 101

207 1565 282 1647 ‘quo
305 1566 448 1630 diversus
473 1566 576 1630 abis?
600 1567 718 1629 iterum
742 1569 825 1649 ‘pete
848 1587 934 1651 saxa,
957 1566 1129 1631 Menoetel'

207 1683 279 1725 cum
302 1663 439 1726 clamore
463 1660 549 1746 Gyas
573 1663 756 1726 revocabat:
780 1667 812 1726 et
835 1684 905 1727 ecce
929 1661 1124 1728 Cloanthum

207 1759 337 1842 respicit
360 1759 535 1823 instantem
557 1764 648 1844 tergo
673 1765 705 1824 et
727 1759 880 1844 propiora
901 1764 1073 1824 tenentem.

207 1855 262 1918 ille
283 1855 368 1919 inter
390 1877 567 1937 navemque
591 1853 679 1938 Gyae
703 1858 915 1941 scopulosque
938 1858 1084 1922 sonantis

207 1951 291 2015 radit
314 1952 376 2016 iter
399 1953 681 2042 laevominterior
705 1955 876 2038 subitoque
898 1954 1038 2038 priorem
1166 1973 1211 2020 110

207 2049 361 2132 praeterit
387 2053 418 2114 et
440 2049 535 2113 metis
559 2054 647 2114 tenet
671 2072 809 2132 aequora
831 2053 904 2113 tuta
926 2050 1056 2116 relictis.

208 2151 278 2210 tum
299 2167 374 2210 vero
398 2147 517 2210 exarsit
540 2146 647 2210 iuveni
671 2148 762 2212 dolor
786 2147 913 2210 ossibus
936 2147 1060 2233 ingens,

206 2263 265 2307 nec
286 2241 426 2306 lacrimis
450 2263 578 2306 caruere
601 2263 709 2328 genae,
733 2265 925 2329 segnemque
948 2245 1121 2310 Menoeten

208 2339 329 2404 oblitus
353 2339 538 2422 decorisque
562 2341 613 2403 sui
636 2341 819 2424 sociumque
843 2342 957 2406 salutis

207 2438 243 2500 in
263 2459 350 2501 mare
373 2437 580 2520 praecipitem
602 2439 703 2520 puppi
726 2437 877 2503 deturbat
900 2439 940 2503 ab
964 2440 1041 2503 alta:
1168 2459 1211 2506 111

208 2535 277 2616 ipse
300 2533 492 2617 gubernaclo
516 2538 621 2597 rector
645 2534 741 2620 subit,
763 2535 832 2618 ipse
854 2535 1008 2619 magister

185 2687 187 2691 .
207 2631 421 2714 hortaturque
443 2631 531 2695 viros
554 2631 740 2715 clavomque
764 2633 803 2696 ad
825 2633 923 2696 litora
944 2636 1084 2717 torquet.

209 2732 242 2792 at
266 2727 372 2813 gravis
395 2731 432 2792 ut
455 2728 554 2792 fundo
577 2729 632 2792 vix
655 2729 783 2792 tandem
806 2730 949 2794 redditus
972 2729 1037 2794 imo
1062 2737 1112 2796 est

208 2826 273 2890 iam
297 2825 403 2890 senior
426 2825 614 2909 madidaque
636 2825 738 2890 fluens
761 2829 796 2891 in
818 2832 908 2892 veste
930 2827 1105 2916 Menoetes,

209 2945 333 2986 summa
355 2923 437 3006 petit
461 2923 585 3006 scopuli
609 2923 754 3007 siccaque
777 2923 812 2986 in
834 2945 913 3006 rupe
935 2923 1061 2987 resedit.
1169 2945 1212 2993 180

208 3020 302 3083 illum
325 3023 357 3084 et
380 3019 542 3084 labentem
564 3020 679 3084 Teucri
703 3024 735 3084 et
757 3021 856 3083 risere
878 3024 1045 3085 natantem

209 3121 241 3180 et
265 3116 366 3180 salsos
389 3117 494 3181 rident
516 3121 733 3182 revomentem
756 3121 884 3201 pectore
907 3117 1032 3182 fluctus.

207 3211 260 3276 hie
282 3213 366 3276 laeta
390 3214 540 3277 extremis
565 3236 638 3298 spes
662 3218 711 3278 est
734 3235 864 3278 accensa
887 3213 1022 3300 duobus,

209 3308 360 3395 Sergesto
383 3309 598 3396 Mnesthique,
622 3309 716 3394 Gyan
739 3333 889 3394 superare
912 3315 1100 3377 morantem.

209 3406 378 3493 Sergestus
398 3407 483 3490 capit
501 3413 575 3473 ante
593 3410 700 3472 locum
719 3409 914 3493 scopuloque
932 3409 1141 3499 propinquat,
1170 3431 1215 3480 185

205 3527 265 3571 nec
287 3507 358 3569 1011
381 3508 488 3568 tamen
510 3505 565 3569 ille
587 3507 676 3589 prior
699 3511 873 3590 praeeunte
897 3508 1017 3572 carina:
