2612 3964
414 241 561 296 VERGlLI
578 241 713 298 AENEIS
732 243 745 296 I
1024 239 1085 305 115

73 427 157 488 quae
180 405 313 469 fortuna
335 404 430 490 viris,
454 404 588 468 classem
611 425 674 487 quo
698 403 795 467 litore
816 403 980 491 linquant,

74 503 154 585 quid
177 502 323 566 veniant:
347 500 470 564 cunctis
492 521 568 564 nam
590 500 666 564 lecti
687 499 824 564 navibus
847 500 940 564 ibant

74 602 207 664 orantes
230 599 371 682 veniam,
393 601 426 661 et
448 597 606 680 templum
629 597 768 660 elamore
790 597 951 680 petebant.

72 723 74 728 ·
119 695 302 780 Postquam
325 694 516 779 introgressi
538 697 571 758 et
590 716 697 758 coram
715 694 790 757 data
809 695 900 777 copie
918 694 1015 778 fandi,
1039 695 1102 760 520'

74 794 237 856 maximus
259 791 402 856 Ilioneus
425 791 550 876 placido
575 791 622 855 sic
643 795 773 874 pectore
796 791 913 874 coepit:

75 893 109 954 ‘0
132 891 259 974 regina,
281 910 398 953 novam
421 889 472 952 cui
495 887 628 952 condere
650 887 796 972 Iuppiter
819 888 931 952 urbem

76 987 269 1070 iustitiaque
292 986 378 1050 dedit
402 985 508 1070 gentis
532 985 657 1048 frenare
681 985 850 1070 superbas,

76 1085 179 1148 Troes
203 1087 236 1146 te
259 1083 386 1168 miseri,
409 1082 513 1146 ventis
537 1081 639 1145 maria
663 1081 770 1146 omnia
791 1082 890 1166 vecti,

77 1202 225 1246 oramus:
248 1178 384 1263 prohibe
407 1178 556 1242 infandos
580 1178 757 1242 anavibus
780 1179 880 1263 ignis,
1041 1195 1092 1244 sao

77 1300 174 1364 parce
196 1277 251 1360 pio
275 1277 384 1360 generi
408 1281 440 1341 et
463 1275 596 1359 propius
620 1297 670 1340 res
694 1276 799 1366 aspice
821 1281 959 1341 nostras.

77 1399 147 1440 non
168 1395 230 1438 nos
253 1377 310 1438 aut
332 1373 416 1437 ferro
440 1371 579 1456 Libycos
602 1372 757 1456 populare
779 1375 926 1456 penatis·

77 1474 228 1538 venimus
252 1475 308 1534 aut
330 1474 440 1554 raptas
464 1470 504 1534 ad
525 1470 623 1534 litora
645 1473 770 1534 vertere
792 1471 938 1555 praedas3

78 1593 149 1636 non
172 1591 208 1632 ea
230 1568 280 1632 vis
304 1567 411 1630 animo
434 1589 492 1630 nec
515 1569 607 1630 tanta
630 1567 781 1649 superbia
804 1568 906 1632 victis,

80 1673 131 1732 est
153 1667 259 1751 locus,
277 1663 472 1747 ¹Hesperiam
494 1661 572 1728 Grai
595 1663 784 1748 cognomine
807 1664 930 1750 dicunt,
1043 1683 1094 1732 555

80 1772 171 1830 terra
194 1763 340 1846 antiqua,
362 1765 477 1845 potens
502 1760 599 1824 armis
623 1763 719 1844 atque
743 1760 840 1825 ubere
863 1762 1010 1848 glaebae3
1139 1756 1143 1765 ’

82 1861 220 1928 Oenotri
242 1860 367 1924 coluere
390 1859 465 1943 viri3
487 1878 574 1922 nunc
597 1857 681 1921 fama
703 1857 843 1921 minores

80 1959 214 2026 Italiam
236 1956 356 2020 dixisse
379 1955 530 2024 ducisde
551 1955 682 2019 nomine
705 1959 846 2038 gentem:

81 2059 136 2122 hic
160 2077 272 2120 cursus
295 2051 400 2137 fusti

83 2177 159 2220 cum
182 2151 290 2216 subito
315 2149 491 2233 adsurgens
514 2148 614 2214 fluctu
636 2149 803 2214 nimbosus
828 2148 929 2214 Orion
1045 2167 1096 2216 535
1131 2193 1134 2199 v

83 2253 120 2316 in
141 2250 224 2315 vade
246 2268 338 2312 caeca
360 2247 437 2310 tulit
460 2245 653 2328 penitusque
675 2245 863 2329 procacibus
887 2246 1006 2310 austris

83 2369 206 2434 perque
228 2345 329 2410 undas
354 2347 525 2426 superante
548 2342 616 2406 salo
639 2364 759 2426 perque
781 2343 868 2406 invia
892 2365 968 2406 saxa

84 2445 234 2529 dispulit:
257 2442 321 2506 huc
343 2439 437 2523 pauci
459 2437 576 2502 vestris
600 2439 786 2503 adnavimus
810 2439 884 2504 oris.

85 2541 173 2628 quod
196 2560 297 2625 genus
319 2537 382 2601 hoc
403 2536 595 2600 hominurn?
619 2558 739 2619 quaeve
761 2537 847 2600 hunc
869 2541 937 2601 tam
960 2537 1097 2602 barbara

723 2685 726 2692 .
886 2657 1008 2698 morem
1039 2653 1043 2661 ·

85 2733 248 2820 permittit
271 2730 398 2814 patria?
425 2728 567 2812 hospitio
591 2729 799 2812 prohibemur
821 2729 972 2816 harenae3
1046 2748 1097 2798 545

86 2833 171 2896 bella
193 2829 280 2893 cient
302 2827 470 2910 primaque
492 2829 603 2890 vetant
626 2827 801 2890 consistere
824 2830 917 2890 terre.

87 2931 115 2994 si
138 2948 241 3014 genus
264 2925 441 3013 humanum
465 2926 497 2986 et
519 2907 669 2987 mortalia
690 2923 836 2988 temnitis
860 2946 961 3010 arma,

87 3031 121 3092 51
145 3027 272 3108 sperate
295 3022 371 3085 deos
394 3041 551 3084 memores
575 3019 663 3083 fandi
686 3023 782 3104 atque
804 3019 942 3084 nefandi.

87 3146 143 3188 rex
166 3125 236 3186 erat
258 3119 384 3183 Aeneas
406 3117 515 3201 nobis,
538 3138 601 3200 quo
625 3117 742 3181 iustior
765 3117 847 3181 alter

86 3243 146 3285 nec
167 3219 290 3303 pietate
312 3216 376 3279 fuit
397 3237 455 3278 nec
478 3214 563 3278 bello
586 3214 688 3278 maior
711 3218 743 3278 et
766 3214 871 3278 armis.
1046 3230 1097 3279 545

88 3339 183 3402 quem
207 3315 235 3378 si
258 3315 327 3378 fate
348 3313 453 3377 virum
477 3315 618 3396 servant,
642 3313 670 3376 si
692 3312 832 3377 vescitur
855 3334 933 3375 aura

87 3414 231 3480 aetheria
252 3432 357 3495 neque
380 3410 482 3474 adhuc
504 3409 684 3475 crudelibus
708 3409 842 3482 occubat
865 3407 1002 3493 umbris,

86 3536 153 3578 non
174 3514 291 3576 metus.
338 3507 444 3572 officio
466 3529 524 3572 nec
547 3511 580 3571 te
603 3509 741 3570 certasse
764 3506 904 3588 priorem

903 3607 939 3657 g*

270 3675 582 3753 '‘mll‘bkbltb
599 3683 664 3758 guil
693 3677 715 3759 ie
747 3699 833 3764 &mlx
870 3725 916 3764 pff
954 3718 1013 3754 ,er
1042 3701 1075 3739 μ’
1101 3675 1124 3715 ‘3

831 3759 840 3797 1

1121 3728 1126 3749 r

308 3808 386 3916 555
414 3817 567 3887 rasura:
600 3841 670 3892 uc.
704 3827 714 3842 ‘
858 3877 862 3886 ,
900 3832 1015 3908 e
