2530 3960
496 242 629 323 oman
1001 241 1066 304 417

50 405 187 470 restitui
210 405 334 488 superis
357 405 415 468 leti
438 405 502 468 iam
524 403 634 468 limine
657 405 698 468 ab
721 405 814 487 ipso?

51 501 200 586 praemia
223 505 299 566 sunt
318 501 452 584 pietatis
475 501 541 586 ubi,
564 501 695 584 pietatis
718 500 880 565 honores?
1016 514 1068 562 000

52 602 89 664 in
114 621 214 664 vanas
238 599 344 662 abiere
367 599 459 662 vices.
484 601 516 662 et
539 620 613 661 rure
634 597 766 661 recessit

51 696 189 760 Iustitia
212 699 243 759 et
265 695 355 779 prior
377 694 434 758 illa
455 692 558 758 Fides
582 695 737 760 instantia
759 695 825 758 vidi

52 793 201 878 alterius,
224 793 292 856 sine
315 795 461 875 respectu
483 813 554 856 mea
577 791 644 856 fata
666 792 850 874 relinquens

52 891 94 954 ad
119 890 238 975 pariles
263 909 341 974 agor
365 893 511 958 eventus:
534 889 572 952 fit
595 910 698 972 poena
720 888 863 952 merenti.

51 1008 162 1070 poena
181 987 223 1050 sit
242 986 385 1067 exitium,
407 985 502 1048 modo
522 985 565 1048 sit
584 985 660 1050 dum
678 990 771 1070 grata
795 986 954 1070 voluntaS,
1017 1000 1069 1048 030

52 1085 177 1148 existat
200 1105 257 1166 par
281 1082 430 1148 officium.
454 1082 541 1146 feror
563 1082 634 1146 aria
657 1103 800 1168 carpens,

53 1182 131 1246 avia
155 1179 341 1244 Cimmerios
365 1180 449 1243 inter
472 1179 627 1242 distantia
648 1179 748 1264 10000,

53 1299 155 1362 quem
178 1277 262 1340 circa
285 1275 395 1338 tristes
419 1273 590 1338 densentur
613 1275 647 1338 in
671 1275 778 1338 omnia
801 1296 930 1358 poenae.

53 1397 134 1440 nam
156 1374 282 1437 vinctus
308 1372 394 1436 sedet
416 1371 567 1434 immanis
588 1372 789 1456 serpentibus
813 1369 903 1455 Otos,

53 1471 242 1536 devinctum
265 1472 406 1533 maestus
429 1469 541 1552 procul
564 1469 720 1551 aspiciens
744 1468 929 1554 Ephialten,
1019 1485 1070 1532 235

53 1569 169 1634 conati
192 1567 353 1652 quondam
375 1588 448 1630 cum
471 1566 536 1630 sint
558 1565 741 1630 inscendere
764 1564 930 1650 mundum;

54 1671 88 1730 et
113 1665 239 1749 Tityos
261 1661 395 1747 Latona,
417 1665 490 1726 tuas
512 1684 634 1726 memor
657 1663 770 1726 anxius
793 1663 858 1726 iras

54 1761 290 1850 (implacabilis
312 1759 361 1824 ira
382 1757 508 1844 nimisl)
531 1749 613 1823 iacet
637 1759 723 1823 alitis
748 1781 827 1824 esca.

55 1866 193 1943 terreor,
217 1881 244 1943 a,
266 1857 367 1920 tantis
390 1856 539 1920 insistere
561 1859 684 1920 terreor
706 1857 845 1922 umbris!

56 1959 97 2022 ad
124 1955 255 2040 Stygias
278 1957 445 2018 revocatus
469 1975 568 2036 aquas
591 1947 646 2016 vix
668 1952 803 2018 ultimus
827 1954 912 2018 amni
945 2010 946 2016 ,
985 1985 991 2022 ς
1020 1970 1072 2018 040

57 2058 151 2120 extat
173 2056 337 2118 nectareas
361 2051 468 2114 divom
492 2049 548 2132 qui
570 2049 712 2132 prodidit
734 2071 831 2135 escas,

57 2150 205 2239 gutturis
229 2148 332 2212 arenti
352 2146 499 2211 revoluto
523 2145 558 2208 in
579 2145 688 2210 inania
712 2167 815 2210 sensu.

58 2248 149 2334 quid,
173 2267 286 2310 saxum
308 2243 422 2328 procul
445 2243 576 2306 adverso
600 2243 656 2327 qui
678 2247 788 2308 monte
810 2243 957 2327 revolvit,

58 2342 294 2427 contempsisse
317 2341 408 2405 dolor
431 2360 526 2423 quem
548 2339 682 2404 numina
699 2338 803 2404 'vincit
827 2339 989 2424 acerbans,

58 2445 130 2509 otia
153 2443 360 2524 quaerentem
382 2438 504 2501 frustra
527 2437 613 2501 sibi?
636 2437 691 2522 ite,
713 2436 848 2520 puellae,
1023 2449 1074 2498 245

59 2544 117 2625 ite⁷
140 2538 260 2622 quibus
283 2536 392 2601 taedas
416 2533 558 2599 accendit
581 2532 686 2596 tristis
710 2531 830 2616 Erinys

59 2639 147 2702 sicut
171 2634 299 2717 Hymen
321 2633 476 2716 praefata:
500 2631 587 2696 dedit
610 2629 747 2694 conubia
768 2629 891 2692 mortis.

58 2740 162 2818 atque
185 2731 264 2795 alias
288 2729 351 2794 alio
376 2729 489 2793 densas
511 2749 608 2810 super
632 2727 758 2812 agmina
780 2727 916 2792 turmas!

60 2831 231 2914 impietate
253 2828 321 2891 fera
343 2824 510 2892 vecordem
534 2821 687 2888 Colchida
709 2827 855 2907 matrem,

58 2928 160 2994 anxia
182 2925 330 2989 sollicitis
353 2923 562 2988 meditantem
583 2921 715 2986 volnera
736 2919 836 3006 natis3
1025 2935 1077 2984 250

60 3027 128 3090 iam
150 3022 344 3087 Pandionias
364 3018 547 3089 ¹miseranda
569 3018 659 3101 prole
682 3018 805 3102 puellas
812 3071 821 3103 ,

60 3141 202 3207 quarum
223 3140 286 3182 vox
308 3115 384 3202 Ityn
407 3117 472 3182 edit
495 3115 580 3201 Ityn,
603 3137 667 3199 quo
691 3113 858 3180 Bistonius
881 3135 937 3178 rex

60 3219 164 3283 orbus
188 3237 287 3300 epops
310 3218 430 3278 maeret
453 3213 593 3277 volucria
618 3215 744 3277 erectus
768 3212 933 3276 inauras!

61 3321 96 3380 at
120 3312 338 3379 discordantes
363 3309 499 3376 Cadmeo
524 3309 644 3374 semine
667 3309 783 3372 fratres

61 3415 128 3478 iam
151 3410 333 3475 truculenta
356 3410 464 3473 ferunt
487 3405 667 3490 infestaque
689 3406 811 3472 lumina
834 3428 949 3491 corpus
1026 3422 1078 3471 000

62 3513 146 3576 01000
169 3509 205 3573 in
227 3508 372 3592 01000100,
395 3507 523 3589 iamque
547 3508 710 3570 aversatus
734 3508 878 3590 uterque,

119 3627 239 3668 Rrssrorr.
254 3621 339 3670 Vergil
884 3613 916 3661 Ἡ
