2612 3964
453 904 492 976 P.
520 902 716 976 VERGILI
753 901 966 974 MARONIS

415 1079 456 1160 Α
502 1079 539 1160 Ε
583 1077 627 1158 Ν
671 1077 707 1157 Ε
752 1076 774 1157 Ι
818 1076 858 1157 D
905 1075 941 1157 Ο
989 1075 1016 1158 S

541 1267 883 1334 umnarnarivs

210 1431 387 1514 Postquam
409 1453 459 1494 res
482 1429 578 1494 Asiae
601 1428 784 1512 Priamique
807 1432 948 1492 evertere
971 1432 1120 1512 gentem*

210 1529 394 1591 inmeritam
415 1528 522 1593 visum
544 1526 682 1610 superis,
704 1527 880 1611 ceciditque
903 1528 1079 1610 superbum

209 1623 307 1688 Ilium
330 1629 362 1689 et
385 1623 488 1687 omnis
510 1623 608 1687 humo
631 1622 735 1686 fumat
758 1622 923 1707 Neptunia
945 1624 1055 1688 Troia:

211 1722 336 1785 diversa
359 1722 454 1785 exilia
477 1725 508 1784 et
531 1721 672 1784 desertas
696 1742 847 1803 quaerere
869 1725 972 1785 terras

211 1819 354 1902 auguriis
378 1819 503 1902 agimur
526 1819 646 1902 divom,
668 1817 865 1901 classemque
888 1817 948 1881 sub
971 1818 1042 1902 ipsa
1199 1836 1213 1882 5

210 1913 378 1978 Antandro
402 1918 433 1976 et
455 1912 616 1998 Phrygiae
637 1914 789 1977 molimur
811 1915 975 1979 montibus
998 1915 1073 1980 Idae

211 2011 325 2075 incerti
348 2032 412 2094 quo
435 2010 502 2073 fata
524 2011 644 2095 ferant,
666 2010 724 2074 ubi
748 2012 860 2076 sistere
883 2013 989 2098 detur,

211 2108 492 2191 contrahimusque
515 2108 611 2171 viros.
656 2107 711 2170 vix
734 2109 838 2191 prima
860 2109 1020 2192 inceperat
1044 2113 1164 2195 aeetae,

212 2211 244 2270 et
266 2209 357 2288 pater
380 2203 536 2268 Anchises
560 2204 635 2268 dare
657 2205 734 2268 fatis
758 2206 829 2269 vela
851 2205 996 2270 iubebat:

211 2304 308 2367 litora
330 2324 403 2366 oum
424 2301 548 2384 patriae
571 2301 741 2364 lacrimans
765 2307 942 2386 portusque
963 2303 1111 2387 relinquo
1187 2322 1214 2369 10

212 2405 244 2465 et
267 2421 409 2482 campos,
432 2398 489 2462 ubi
512 2397 609 2462 Troia
631 2398 703 2462 fuit.
748 2399 833 2462 feror
857 2399 931 2463 exul
953 2400 988 2462 in
1010 2401 1112 2464 altum

212 2521 283 2562 curn
307 2497 401 2560 sociis
426 2499 587 2579 gnatoque
610 2495 781 2578 penatibus
805 2500 836 2559 et
858 2497 983 2580 magnis
1007 2497 1064 2560 dis,

256 2594 354 2658 Terra
376 2593 489 2676 procul
511 2593 612 2655 vastis
636 2593 754 2656 colitur
776 2591 936 2657 Mavortia
959 2595 1079 2676 campis

212 2690 364 2778 (Thraces
389 2687 495 2775 arant)
520 2690 585 2752 acri
609 2690 770 2772 quondam
793 2695 925 2775 regnata
947 2689 1110 2776 Lycurgo,

211 2788 389 2871 hospitium
412 2786 559 2850 anticum·
576 2785 690 2850 Troiae
714 2788 855 2871 sociique
877 2793 1025 2873 penates,
1186 2807 1216 2856 15

213 2887 289 2948 dum
311 2885 440 2947 fortuna
462 2883 533 2947 fuit.
579 2883 664 2946 feror
687 2883 763 2969 huo,
786 2890 818 2948 et
840 2886 936 2950 litore
959 2908 1055 2950 curvo

212 2981 338 3046 moenia
360 2981 463 3064 prima
485 2981 556 3044 loco
579 2980 655 3043 fatis
679 2980 844 3064 ingressus
867 2981 1001 3066 iniqui,

212 3080 439 3161 Aeneadasque
461 3100 532 3141 meo
555 3098 672 3140 nomen
695 3077 732 3140 de
755 3079 884 3143 nomine
905 3079 1001 3162 fingo.

257 3174 354 3240 Sacra
376 3173 537 3238 Dionaeae
559 3174 657 3236 matri
679 3174 824 3258 divisque
846 3177 986 3240 ferebam

213 3273 396 3356 auspicibus
420 3276 605 3354 coeptorum
628 3293 774 3356 operum,
798 3294 975 3356 superoque
997 3274 1167 3350 nitentem¹
1186 3290 1219 3339 20

168 3349 185 3381 '
212 3370 396 3435 caelicolum
419 3371 487 3453 regi
510 3369 689 3432 mactabam
712 3369 864 3432 inlitora
887 3373 1023 3432 taurum.

211 3470 296 3534 forte
320 3467 381 3530 fuit
405 3468 495 3530 iuxta
517 3467 661 3529 tumulus
667 3519 675 3552 ,
699 3488 763 3550 quo
788 3487 901 3530 cornea
925 3488 1048 3530 summo
