2612 3964
412 262 559 317 VERGILI
578 262 710 318 AENEIS
729 263 769 318 ΙΙΙ
1029 265 1092 330 165

79 424 161 488 110111
184 446 287 510 mora,
312 425 465 489 continuo
488 425 637 509 perfectis
662 426 772 491 ordine
794 427 880 492 votis

80 542 202 584 cornua
224 522 402 586 velatarum
427 521 626 586 obvertimus
650 527 873 588 antemnarum

80 614 366 702 Graiugenumque
380 618 492 682 domos
508 623 719 704 suspectaque
733 621 910 704 linquimus
925 645 1008 686 0110.
1042 637 1093 686 550

78 714 156 778 111110
180 715 271 778 sinus
294 713 454 800 Herculei,
477 715 599 779 011010
622 721 671 780 001
693 718 789 802 fama,
811 718 951 824 Tarenti

79 812 233 896 cernitur,
257 812 379 876 attollit
402 833 436 876 se
458 811 532 876 diva
553 811 685 878 Lacinia
705 820 819 880 contra

80 906 301 993 Caulonisque
324 931 411 973 arces
435 913 467 973 01
489 909 692 994 navifragum
716 909 908 995 Scylaceum.

79 1011 152 1070 tuni
175 1006 289 1089 procul
311 1028 328 1069 e
350 1005 453 1070 fluctu
474 1005 640 1070 lhinacria
663 1009 804 1072 cernitur
825 1007 940 1094 Aetna,

79 1108 111 1167 01
136 1103 295 1188 gemitum
316 1103 481 1188 ingentem
503 1104 611 1188 pelagi
633 1105 824 1189 pulsataque
848 1128 924 1170 saxa
1040 1121 1091 1170 555

80 1201 229 1264 audimus
253 1200 349 1284 longe
372 1201 553 1285 fractasque
576 1201 616 1264 ad
639 1201 737 1265 litora
759 1224 863 1288 voces,

79 1299 293 1380 exultantque
314 1297 396 1361 vada
419 1302 515 1382 atque
538 1302 630 1362 aestu
651 1298 826 1362 miscentur
848 1299 994 1363 harenae.

79 1401 111 1460 et
136 1399 229 1479 pater
253 1393 409 1458 Anchises
435 1395 599 1459 ‘nimirum
621 1394 699 1459 haec
721 1395 778 1460 1110
802 1393 994 1480 Charybdim

78 1493 141 1558 hos
164 1491 309 1556 Helenus
333 1493 492 1579 scopulos,
513 1492 591 1556 haec
615 1513 691 1556 saxa
714 1492 872 1556 horrenda
895 1492 1036 1556 canebat.

79 1591 206 1674 eripite,
229 1610 248 1652 o
273 1588 361 1673 socii,
384 1588 568 1672 pariterque
590 1589 749 1674 insurgite
771 1590 887 1654 remis.'
1039 1605 1091 1654 500

79 1688 161 1752 110111
183 1686 291 1750 minus
315 1706 351 1749 ac
374 1685 454 1750 iussi
476 1686 609 1770 faciunt,
631 1686 816 1771 primusque
839 1687 1005 1751 rudentem

79 1783 240 1849 contorsit
262 1782 369 1846 100100
392 1803 521 1866 proram
543 1781 714 1847 Palinurus
737 1784 777 1848 ad
799 1784 913 1848 undas:

78 1884 206 1947 laevam
229 1883 343 1944 cuneta
365 1879 480 1943 cohors
503 1880 599 1944 remis
622 1880 791 1964 ventisque
814 1881 937 1963 petivit.

79 1979 228 2045 tollimur
251 1977 287 2040 in
309 1977 431 2040 caelum
454 1981 585 2040 curvato
609 1977 747 2063 gurgite,
769 1981 801 2040 et
823 1978 907 2043 idem

80 2076 241 2142 subducta
264 2073 303 2137 ad
325 2073 429 2138 manis
452 2073 534 2137 imos
557 2073 735 2137 desedimus
758 2073 851 2137 unda.
1039 2089 1090 2138 505

79 2180 131 2239 101
154 2171 280 2255 scopuli
303 2171 473 2234 clamorem
495 2171 579 2234 inter
602 2193 678 2234 0010
701 2193 777 2234 0010
801 2170 922 2255 dedere,

79 2276 130 2335 ter
153 2289 303 2352 spumam
325 2267 437 2330 elisam
459 2270 492 2330 et
514 2267 658 2332 rorantia
680 2267 817 2331 vidimus
841 2272 936 2331 astra.
965 2288 968 2293 ’

80 2368 205 2430 interea
227 2364 330 2428 fessos
354 2367 469 2426 ventus
493 2384 565 2428 cum
589 2365 656 2428 sole
679 2365 819 2448 reliquit,

80 2462 250 2549 ignarique
272 2460 343 2524 viae
366 2456 543 2542 Cyclopum
566 2461 744 2525 adlabimur
769 2461 842 2526 oris.

123 2559 244 2624 Portus
267 2557 308 2620 ab
332 2578 459 2621 accessu
481 2561 652 2621 ventorum
672 2559 825 2622 immotus
845 2562 877 2622 ct
895 2560 1008 2644 ingens
1039 2575 1090 2625 570

80 2659 157 2742 ipse,
182 2655 239 2720 sed
259 2653 420 2718 horrificis
442 2654 535 2718 iuxta
558 2658 651 2718 tonat
673 2653 780 2718 Aetna
802 2655 914 2739 ruinis,

80 2754 306 2835 interdumque
329 2755 431 2814 atram
453 2752 636 2835 prorumpit
660 2752 699 2815 ad
722 2752 851 2815 aethera
873 2751 992 2815 nubem

81 2851 210 2915 turbine
232 2849 410 2913 fumantem
433 2850 523 2931 piceo
547 2852 579 2912 01
603 2848 756 2912 candente
779 2849 889 2912 favilla

80 2948 267 3030 attollitque
291 2945 407 3030 globos
431 2944 630 3009 flammarum
653 2949 685 3008 et
709 2945 812 3008 sidera
834 2946 958 3030 lambit,

79 3044 241 3109 interdum
265 3042 414 3125 scopulos
438 3042 611 3126 avolsaque
634 3042 756 3106 1100010
778 3043 899 3106 montis
1038 3059 1089 3108 555

79 3143 175 3228 erigit
199 3144 348 3205 eructans
371 3140 606 3224 liquefactaque
630 3162 707 3203 saxa
730 3139 790 3202 sub
814 3162 907 3202 auras

79 3261 151 3303 cum
174 3237 298 3323 gemitu
321 3236 478 3320 glomerat
501 3236 663 3320 fundoque
686 3240 851 3299 exaestuat
874 3237 947 3300 imo.

78 3336 164 3400 fama
186 3338 237 3399 est
259 3332 413 3396 Enceladi
437 3337 613 3397 semustum
636 3333 769 3396 fulmine
792 3355 907 3416 corpus

77 3433 186 3519 urgeri
208 3431 294 3495 mole
317 3429 385 3514 hac,
408 3429 635 3514 ingentemque
658 3431 789 3513 insuper
811 3430 950 3493 Aetnam

76 3530 265 3614 impositam
287 3529 392 3610 ruptis
416 3526 577 3590 flammam
601 3528 745 3610 expirare
769 3527 911 3611 caminis,
1038 3542 1089 3592 580
