2538 3970
207 249 272 314 304
533 249 682 317 VERGILI
700 249 832 305 AENEIS
850 251 888 305 lX

206 412 410 497 persequitur
433 412 543 498 magni
565 434 623 477 nec
644 413 771 478 moenia
794 417 884 480 curat
906 413 1061 480 Acestae?

207 510 262 574 ille
286 514 393 575 autern
418 510 540 573 ‘causas
563 510 759 593 nequiquam
780 511 882 575 nectis
904 511 1019 599 inanis,

206 627 264 670 nec
286 629 357 670 mea
380 607 446 670 iam
468 609 593 670 mutata
615 607 686 670 loeo
710 609 869 672 sententia
893 609 987 672 cedit:
1164 626 1212 674 aaa

208 702 432 768 adceleremus'
456 703 509 768 ait.
555 703 669 788 vigiles
693 703 790 768 simul
812 705 938 790 excitat,
960 705 1009 769 illi

209 801 381 865 succedunt
406 804 597 884 servantque
620 801 718 864 vices:
744 802 883 866 statione
905 802 1017 866 relicta

207 899 277 982 ipse
299 919 404 963 comes
427 895 510 961 Niso
534 897 688 982 graditur,
710 917 880 982 regemque
902 899 1079 982 requirunt.

94 1019 145 1090 qu
253 992 367 1060 Cetera
389 1017 445 1078 per
467 997 570 1058 terras
594 995 698 1058 omnis
722 995 872 1059 animalia
894 1017 1006 1060 somno

207 1092 361 1156 laxabant
384 1113 477 1156 curas
501 1096 533 1155 et
556 1091 651 1155 corda
674 1091 777 1156 oblita
798 1091 958 1156 laborum:
1135 1153 1137 1158 .
1162 1110 1209 1158 aas

209 1189 356 1254 ductores
379 1187 536 1252 Teucrum
559 1189 656 1272 primi
678 1191 711 1252 at
733 1188 854 1253 delecta
877 1190 1026 1255 iuventus

209 1287 378 1351 consilium
402 1286 535 1350 summis
559 1285 651 1370 regni
674 1285 712 1348 de
735 1285 831 1351 rebus
855 1286 1026 1373 habebant,

209 1383 287 1467 quid
308 1384 449 1447 facerent
473 1381 584 1466 quisve
607 1381 733 1446 Aeneae
755 1383 820 1448 iam
841 1385 975 1448 nuntius
999 1388 1092 1449 esset.

210 1484 298 1545 stant
319 1479 426 1565 longis
450 1479 558 1544 adnixi
581 1479 694 1563 hastis,
716 1479 751 1542 in
774 1484 864 1544 scuta
886 1485 1023 1566 tuentes,

209 1580 387 1640 castrorum
411 1579 443 1640 et
465 1576 569 1658 campi
586 1575 703 1642 medio.
750 1581 820 1640 tum
842 1575 942 1642 Nisus
966 1582 1085 1644 etune
1161 1597 1206 1646 2³0

209 1672 371 1757 Euryalus
394 1674 561 1737 confestim
586 1673 705 1737 alacres
730 1673 893 1738 admittier
917 1679 1024 1740 orant:

209 1792 276 1834 rem
298 1790 458 1854 magnam,
479 1770 682 1853 pretiumque
704 1791 813 1834 morae
834 1771 910 1836 fore.
956 1772 1079 1856 primus
1101 1773 1184 1838 Iulus

210 1867 330 1951 aceepit
352 1866 495 1950 trepidos
519 1887 555 1931 ac
577 1864 694 1930 Nisum
717 1866 820 1932 dicere
842 1867 945 1934 iussit.

209 1968 280 2028 tum
302 1965 348 2028 sic
370 1962 575 2047 Hyrtacides:
599 1962 718 2027 ‘audite
741 1985 760 2028 o
783 1965 946 2029 mentibus
970 1967 1089 2053 aequis,

209 2061 384 2147 Aeneadae,
405 2082 485 2124 neve
506 2060 584 2125 haee
605 2060 728 2124 nostris
752 2065 936 2146 spectentur
959 2062 999 2127 ab
1024 2063 1124 2149 annis,
1161 2079 1203 2127 asc
1257 2081 1258 2132 t

210 2181 291 2244 quae
313 2158 453 2224 ferimus.
498 2156 613 2222 Rutuli
637 2178 749 2222 somno
771 2158 911 2242 vinoque
933 2157 1034 2222 soluti

209 2257 401 2341 conticuere3
423 2256 530 2320 locum
552 2254 677 2318 insidiis
701 2255 923 2338 conspeximus
946 2255 1019 2342 ipsi,

210 2355 265 2439 qui
288 2356 378 2437 patet
399 2353 436 2416 in
457 2352 544 2416 bivio
568 2355 690 2437 portae,
713 2373 795 2434 quae
816 2373 973 2434 proxuma
995 2358 1109 2440 pont03

208 2451 382 2535 interrupti
404 2451 505 2535 ignes,
528 2454 659 2532 aterque
683 2449 721 2511 ad
746 2448 850 2513 sidera
872 2448 980 2514 fumus

209 2549 356 2634 erigitur:
380 2549 408 2612 si
431 2548 562 2611 fortuna
583 2544 773 2629 permittitis
796 2547 846 2610 uti
1160 2562 1202 2611 24⁰
1255 2615 1256 2628 ἶ

210 2645 391 2730 quaesitum
413 2641 544 2708 Aenean
567 2647 600 2707 et
621 2641 748 2706 moenia
769 2641 944 2731 Pallantea,
1255 2635 1256 2640 ¹

208 2766 284 2808 mox
305 2743 359 2807 hic
382 2763 454 2806 oum
477 2740 589 2824 spoliis
612 2739 737 2824 ingenti
760 2739 853 2805 caede
875 2745 1003 2824 peracta

209 2842 317 2905 adfore
341 2839 486 2904 cernatis.
531 2857 589 2902 nec
612 2857 672 2900 nos
695 2837 747 2900 via
770 2836 855 2900 fallit
879 2837 997 2902 euntis:

208 2937 347 3001 vidimus
371 2935 516 3000 obscuris
539 2934 677 3018 primam
700 2933 760 2997 sub
783 2932 922 2997 vallibus
945 2932 1059 2998 urbem

208 3037 327 3097 venatu
350 3033 481 3097 adsiduo
506 3035 538 3096 et
560 3035 668 3094 totum
690 3031 898 3116 cognovimus
922 3031 1067 3096 amnem?
1111 3023 1114 3028 ’
1159 3043 1200 3094 245

208 3129 261 3196 hic
284 3131 376 3195 annis
400 3129 507 3215 grauis
532 3133 629 3212 atque
652 3126 750 3190 animi
772 3132 918 3192 maturus
940 3127 1064 3192 Aletes:

209 3227 254 3291 ‘di
275 3227 383 3313 patrii,
407 3247 543 3310 quorum
567 3245 690 3307 semper
714 3224 774 3288 sub
797 3225 928 3290 numine
950 3224 1049 3290 Troia
1070 3229 1127 3310 est,

209 3329 406 3389 nontamen
428 3324 558 3388 omnino
582 3322 721 3386 Teucros
745 3321 848 3386 delere
871 3323 1001 3406 paratis,

211 3442 284 3486 cum
306 3421 381 3485 talis
406 3420 528 3486 animos
551 3421 702 3485 iuvenum
726 3422 758 3483 et
780 3422 848 3482 tam
871 3423 957 3483 certa
978 3419 1100 3484 tulistis

212 3517 360 3602 pectora?
394 3514 455 3603 (sic
473 3537 652 3582 memorans
671 3538 798 3582 umeros
817 3515 1008 3600 dextrasque
1024 3515 1198 3581 tenebatauc
