2538 3970
383 231 531 288 VERGILI
550 232 681 288 AENEIS
700 231 751 286 Vll
999 231 1062 296 271

73 394 199 478 tegmina
221 393 295 479 quis
319 395 460 478 capitum
483 397 595 478 raptus
620 393 658 458 de
682 393 794 460 subere
818 399 936 481 cortex,

73 494 245 575 aerataeque
267 491 389 556 micant
412 492 526 576 peltae,
549 491 646 555 micat
670 513 780 556 aereus
804 491 897 556 ensis.

109 587 148 652 hlt
168 592 200 652 te
222 592 392 654 montosae
415 589 529 654 misero
552 588 587 652 in
610 589 732 672 proelia
755 585 885 674 Nersae,

72 681 168 772 Ufens,
189 685 351 770 insignem
374 686 458 749 fama
482 689 514 750 et
536 684 683 750 felicibus
708 685 817 770 armis3
1013 701 1063 752 tto

71 780 186 846 horrida
208 782 379 866 praecipue
403 783 453 846 cui
477 803 554 867 gens
579 781 774 866 adsuetaque
796 782 899 846 multo

71 883 172 943 venatu
196 900 374 965 nemorum,
397 877 484 942 duris
508 877 685 962 Aequicula
708 879 839 964 glaebis.

71 975 172 1040 armati
195 979 314 1040 terram
338 978 492 1060 exercent,
516 997 703 1059 semperque
726 975 862 1039 recentis

71 1077 242 1138 convectare
265 1073 355 1137 iuvat
379 1072 510 1156 praedas
534 1077 567 1137 et
589 1072 696 1137 vivere
719 1077 821 1156 rapto.

108 1166 185 1244 Quin
208 1170 241 1231 et
264 1167 427 1232 Marruvia
450 1167 539 1232 venit
562 1167 599 1232 de
623 1172 719 1254 gente
742 1167 897 1254 sacerdos,
1013 1183 1064 1234 '150

70 1265 168 1330 fronde
191 1286 287 1348 super
310 1265 433 1350 galeam
457 1268 489 1328 et
511 1264 597 1330 felici
621 1269 768 1350 comptus
793 1265 886 1352 oliva,

70 1361 212 1445 Archippi
235 1361 321 1448 regis
344 1361 455 1448 missu,
477 1362 674 1426 fortissimus
698 1361 832 1449 Umbro,

70 1460 184 1542 vipereo
207 1458 316 1546 generi
341 1462 373 1522 et
396 1459 538 1544 graviter
562 1460 760 1542 spirantibus
783 1459 894 1544 hydris

70 1576 206 1641 spargere
229 1555 285 1640 qui
309 1577 439 1620 somnos
463 1560 621 1641 cantuque
644 1579 805 1642 manuque
829 1557 952 1624 solebat

69 1654 280 1738 mulcebatque
303 1653 368 1716 iras
392 1657 424 1718 et
447 1675 574 1718 morsus
597 1658 666 1718 arte
688 1655 823 1720 levabat.
962 1682 965 1747 ;
1013 1671 1063 1720 too

70 1750 200 1816 sednon
222 1749 402 1815 Dardaniae
424 1750 574 1816 medicari
597 1751 738 1835 cuspidis
762 1751 862 1816 ictum
960 1752 964 1766 '

70 1847 187 1934 evaluit,
207 1867 312 1932 nequa
334 1869 406 1912 eum
429 1847 537 1912 iuvere
559 1847 595 1912 in
617 1849 748 1912 volnera
771 1853 883 1914 cantus

70 1943 222 2009 somniferi
246 1947 277 2007 et
300 1942 417 2008 Marsis
442 1945 604 2028 quaesitae
627 1945 792 2010 montibus
816 1945 941 2010 herbae.

69 2041 223 2105 tenemus
246 2037 409 2125 Angitiae,
431 2040 533 2104 vitrea
555 2045 588 2105 te
610 2039 750 2108 Fucinus
774 2043 867 2127 unda,

70 2139 96 2198 te
115 2135 226 2220 liquidi
248 2133 364 2200 flevere
387 2134 484 2202 lacus.
1013 2157 1063 2207 too

105 2231 175 2296 lbet
197 2236 229 2297 et
251 2230 423 2316 Hippolyti
446 2233 553 2316 proles
576 2234 790 2318 pulcherrima
809 2234 905 2319 bello,

69 2327 200 2418 Virbius,
221 2329 382 2414 insignem
405 2351 500 2412 quem
521 2335 623 2398 mater
646 2331 754 2396 Aricia
776 2331 882 2418 misit,

69 2425 205 2492 eductum
226 2425 364 2511 Egeriae
387 2427 468 2490 lucis
492 2428 634 2493 umentia
657 2429 777 2494 circum

69 2521 163 2611 litora,
183 2523 313 2609 pinguis
337 2523 394 2588 ubi
417 2526 450 2588 et
472 2525 639 2608 placabilis
663 2547 718 2590 ara
741 2523 871 2590 Dianae.

69 2640 193 2708 namque
221 2623 329 2686 ferunt
352 2621 437 2686 fama
460 2621 688 2708 Hippolytum,
714 2626 888 2706 postquam
916 2624 984 2686 arte
1007 2643 1062 2688 uo·

480 2741 590 2784 vercae
1012 2737 1062 2788 too

70 2815 206 2881 occiderit
228 2815 414 2900 patriasque
438 2815 574 2901 explerit
597 2815 753 2900 sanguine
776 2837 895 2900 poenas

69 2911 196 2978 turbatis
219 2912 392 2978 distractus
416 2913 516 3000 equis,
539 2912 579 2978 ad
602 2913 706 2978 sidera
728 2935 840 2977 rursus

70 3009 198 3075 aetheria
220 3014 253 3075 et
276 3031 407 3094 superas
431 3009 510 3075 caeli
533 3011 657 3076 venisse
681 3010 740 3075 sub
765 3033 868 3098 auras,

68 3102 204 3172 Paeoniis
226 3109 412 3172 revocatum
434 3106 543 3172 herbis
567 3112 599 3172 et
623 3130 730 3173 amore
753 3106 884 3174 Dianae.

69 3203 130 3268 tum
142 3208 229 3288 pater
244 3204 456 3291 omnipotens,
471 3204 609 3287 aliquem
623 3205 809 3290 indignatus
824 3204 864 3269 ab
880 3204 1002 3270 umbris
1011 3223 1062 3274 tto

68 3302 223 3367 mortalem
245 3300 379 3364 infernis
404 3301 443 3365 ad
464 3301 586 3366 lumina
610 3321 740 3386 surgere
764 3301 858 3388 vitae,

68 3393 129 3477 ipse
149 3403 344 3484 repertorem
364 3398 538 3464 medicinae
561 3399 637 3464 talis
661 3401 693 3462 et
717 3399 797 3463 artis

67 3491 187 3562 fulmine
208 3495 447 3582 Phoebigenam
472 3492 602 3582 Stygias
626 3495 763 3560 detrusit
787 3495 826 3560 ad
849 3495 957 3560 undas.
