2612 3964
431 242 581 300 VERGILI
599 243 732 298 Anunls
750 243 777 298 11
1041 245 1101 308 141

85 404 341 489 coniugiumque
364 405 557 487 domumque
579 408 687 487 patres
708 408 867 490 natosque
889 405 1024 490 videbit,

85 501 230 565 Iliadum
252 503 349 566 turba
373 506 405 566 et
427 501 579 586 Phrygiis
602 501 754 568 comitata
777 503 956 568 ministris?
1051 519 1102 568 550

86 599 245 662 occiderit
266 599 352 662 ferro
375 598 543 662 Priamus?
571 598 668 662 Troia
691 599 806 664 arserit
828 599 921 684 igni?

87 697 292 760 Dardanium
314 696 434 761 totiens
459 695 582 760 sudarit
606 695 760 780 sanguine
782 696 884 760 litus?

87 815 159 858 non
181 793 236 857 ita.
282 814 420 876 namque
444 792 505 856 etsi
527 793 652 856 nullum
675 793 882 858 memorabile
904 815 1023 858 nomen

88 892 232 956 feminea
253 889 289 953 in
311 912 414 974 poena
437 893 568 954 estnec
590 889 689 954 habet
711 890 847 954 victoria
868 891 995 954 laudem
1002 942 1011 974 ,

89 988 271 1053 extinxisse
293 987 383 1052 nefas
406 991 515 1051 tamen
537 990 570 1051 et
594 986 769 1070 sumpsisse
792 988 943 1052 merentis
1051 1001 1102 1050 555

89 1085 250 1150 laudabor
272 1106 405 1169 poenas,
429 1083 634 1166 animumque
657 1083 800 1166 explesse
822 1083 947 1148 iurabit

90 1182 226 1257 ultricis
243 1181 388 1246 flammae
413 1180 589 1245 et-cineres
613 1181 748 1245 satiasse
770 1181 935 1247 meorum?

89 1281 174 1344 talia
195 1279 355 1342 iactabam
377 1282 410 1342 et
432 1277 553 1342 furiata
574 1281 681 1342 mente
703 1275 856 1362 ferebar,]

89 1399 168 1442 eum
189 1375 271 1439 mihi
294 1397 341 1461 se,
363 1396 430 1439 non
453 1379 527 1438 ante
551 1374 651 1438 oculis
674 1379 741 1438 tam
764 1374 862 1459 clara,
885 1373 1053 1438 videndam

91 1474 217 1538 obtulit
239 1476 271 1537 et
293 1495 374 1556 pura
396 1494 453 1554 per
475 1475 603 1535 noctem
626 1471 661 1534 in
682 1471 753 1535 luce
775 1470 903 1534 refulsit
1047 1485 1103 1534 ’500

91 1574 180 1636 alma
201 1592 331 1654 parens,
354 1569 499 1634 confessa
522 1568 612 1632 deam
636 1567 803 1651 qualisque
824 1567 925 1630 videri

90 1667 255 1734 caelicolis
279 1671 311 1730 et
333 1669 454 1750 quanta
476 1665 575 1749 solet,
597 1663 771 1747 dextraque
793 1663 986 1746 prehensum

91 1765 270 1848 continuit,
291 1785 447 1846 roseoque
470 1761 548 1826 haec
570 1761 701 1844 insuper
725 1760 845 1823 addidit
869 1783 935 1824 ore:

93 1863 197 1947 ‘nate,
221 1859 291 1943 quis
314 1859 486 1924 indomitas
509 1861 620 1922 tantus
644 1858 735 1920 dolor
759 1857 877 1920 excitat
899 1857 985 1921 iras?

91 1958 175 2042 quid
195 1957 276 2020 furis
300 1960 356 2020 aut
379 1961 518 2039 quonam
539 1954 645 2018 nostri
668 1954 730 2018 tibi
753 1976 828 2018 cura
850 1955 1005 2018 recessit?
1052 1969 1103 2018 555

90 2074 163 2118 non
184 2053 274 2136 prius
298 2051 447 2135 aspicies,
469 2049 527 2114 ubi
548 2051 670 2114 fessum
694 2054 798 2116 aetate
821 2055 985 2133 parentem

91 2149 229 2234 liqueris
252 2149 428 2233 Anchisen,
451 2151 580 2230 superet
603 2148 781 2212 coniunxne
805 2145 925 2212 Creusa

92 2245 317 2328 Ascaniusque
340 2245 441 2330 puer?
466 2267 545 2328 quos
570 2267 679 2309 omnes
702 2245 842 2329 undique
867 2243 981 2309 Graiae

92 2345 216 2408 circum
238 2329 346 2406 errant
369 2343 451 2406 acies
475 2346 520 2426 et,
542 2341 577 2404 ni
599 2363 670 2404 mea
693 2362 769 2404 eura
788 2341 934 2427 resistat,

92 2442 161 2504 iam
182 2439 329 2503 flammae
351 2439 485 2504 tulerint
508 2439 656 2501 inimicus
680 2441 713 2502 et
732 2436 879 2504 hauserit
902 2439 995 2502 ensis
1053 2456 1103 2504 500

92 2560 163 2602 non
183 2536 246 2600 tibi
269 2535 458 2619 Tyndaridis
481 2535 578 2599 facies
601 2534 706 2598 invisa
727 2534 888 2598 Lacaenae

94 2634 284 2717 culpatusve
306 2631 411 2696 Paris:
435 2631 543 2695 divom
565 2632 781 2715 inclementia,
804 2631 924 2718 divom,

93 2731 154 2813 has
177 2730 294 2794 evertit
318 2751 395 2812 opes
418 2725 596 2812 sternitque
620 2751 638 2793 5
660 2727 798 2792 culmine
821 2727 958 2793 Troiam.

95 2828 201 2912 aspice
225 2824 378 2913 (namque
402 2847 542 2911 omnem,
565 2847 646 2908 quae
668 2846 754 2890 nunc
777 2825 915 2888 obducta
937 2829 1041 2891 tuenti

94 2923 243 2988 mortalis
266 2923 398 2988 hebetat
421 2922 509 2986 visus
533 2922 596 2986 tibi
619 2926 651 2985 et
673 2923 781 2984 umida
804 2921 923 2986 circum
1052 2943 1103 2990 505

96 3020 230 3105 caligat,
251 3019 371 3084 nubem
394 3018 539 3102 eripiam,
563 3022 599 3082 tu
622 3041 727 3103 nequa
750 3019 891 3102 parentis

96 3119 183 3182 iussa
207 3116 285 3180 time
306 3137 369 3180 neu
392 3116 569 3199 praeceptis
593 3137 704 3199 parere
727 3114 865 3203 recusa):

96 3214 162 3300 hic,
185 3213 244 3277 ubi
266 3213 414 3276 disiectas
437 3212 538 3276 moles
562 3213 734 3296 avolsaque
757 3213 842 3278 saxis

97 3333 171 3375 saxa
194 3311 283 3374 vides
306 3310 473 3394 mixtoque
495 3311 669 3374 undantem
690 3311 821 3393 pulvere
843 3310 980 3397 fumum,

95 3405 268 3492 Neptunus
291 3429 401 3472 muros
423 3427 605 3490 magnoque
629 3411 735 3471 emota
757 3407 892 3471 tridenti
1054 3426 1104 3474 510

94 3505 301 3568 fundamenta
326 3505 431 3589 quatit
454 3508 620 3588 totamque
643 3530 661 3570 5
685 3505 813 3570 sedibus
837 3505 949 3570 urbem
