2574 3964
367 298 515 354 VERGILI
534 299 743 355 GEORGICON
761 301 800 355 III
1050 303 1092 366 69

77 461 180 541 atque
203 459 284 524 haec
307 461 372 524 iam
394 461 498 544 primo
521 461 673 544 depulsus
697 463 737 527 ab
760 463 857 528 ubere
879 463 991 528 matris

78 556 211 642 audeat,
233 558 332 641 inque
355 559 457 622 vicem
479 558 532 621 det
555 561 708 624 mollibus
733 583 789 624 ora
812 560 959 644 capistris

77 653 243 718 invalidus
268 655 428 738 etiamque
451 657 604 743 tremens,
627 657 725 721 etiam
747 657 867 722 inscius
891 657 967 720 aevi.

77 753 114 812 at
137 752 246 815 tribus
270 753 390 816 exactis
413 752 470 816 ubi
494 757 609 836 quarta
632 754 787 836 acceperit
811 757 930 838 aeetae,
1042 769 1092 818 190

77 869 211 930 carpere
233 870 309 913 mox
334 870 451 934 gyrum
473 849 608 932 incipiat
631 851 848 935 gradibusque
870 871 983 914 sonare

35 962 39 976 ‘
77 945 285 1030 compositis,
309 945 478 1028 sinuetque
501 946 624 1010 alterna
648 947 812 1010 volumina
835 968 962 1010 crurum
969 997 977 1028 ,

78 1041 188 1124 sitque
210 1042 374 1106 laboranti
401 1042 529 1126 similis3
552 1047 622 1106 tum
646 1044 794 1108 cursibus
817 1065 910 1107 auras

77 1143 234 1221 provocet
258 1161 294 1203 ac
316 1161 374 1222 per
400 1143 509 1222 aperta
531 1138 644 1203 volans
669 1162 726 1204 ceu
748 1141 829 1204 liber
851 1139 985 1204 habenis

78 1258 222 1320 aequora
243 1238 299 1300 vix
324 1259 448 1300 summa
471 1236 608 1320 vestigia
630 1242 731 1320 ponat
752 1237 879 1301 harena.
1040 1251 1090 1300 195

78 1334 187 1417 qualis
210 1333 421 1417 hyperboreis
446 1333 554 1416 aquilo
578 1355 649 1397 cum
672 1335 787 1398 densus
812 1335 852 1398 ab
876 1334 940 1398 oris
1018 1367 1023 1391 ι

76 1432 229 1496 incubuit
254 1429 468 1514 Scythiaeque
491 1430 611 1494 hiemes
635 1435 732 1514 atque
755 1431 842 1494 arida
865 1431 970 1494 differt
1009 1412 1017 1525 f'

76 1530 193 1594 nubila
217 1526 304 1614 (tum
327 1532 450 1612 segetes
475 1528 559 1590 altae
582 1528 748 1611 campique
769 1532 918 1592 natantes
1009 1536 1011 1591 i
1113 1559 1138 1585 ‘x

76 1627 208 1690 lenibus
231 1625 423 1689 horrescunt
446 1623 571 1710 flabris,
595 1621 798 1708 summaeque
822 1647 970 1690 sonorem
1009 1596 1013 1689 1
1129 1605 1150 1632 Γ

77 1726 158 1788 dant
182 1723 295 1808 silvae,
317 1723 472 1806 longique
495 1726 612 1806 urgent
635 1723 675 1785 ad
697 1723 794 1786 litora
817 1721 962 1809 fluctus),
1011 1692 1089 1791 1210

77 1823 134 1886 ille
158 1821 247 1884 volat
271 1819 366 1883 simul
389 1841 465 1882 arva
489 1819 566 1902 fuga
589 1818 684 1882 simul
707 1840 845 1902 aequora
868 1841 1004 1883 verrens
1017 1818 1026 1904 1

76 1921 157 1983 hinc
178 1917 230 1981 vel
253 1916 293 1980 ad
315 1916 388 1980 Elei
410 1920 513 1980 metas
538 1918 570 1978 et
591 1916 730 1979 maxima
753 1916 856 1998 campi

77 2015 211 2081 sudabit
235 2013 340 2096 spatia
363 2017 395 2076 11
419 2033 548 2096 spumas
573 2017 646 2096 aget
670 2035 723 2076 ore
747 2018 908 2099 cruentas,

76 2113 212 2198 Belgica
234 2111 285 2174 vel
307 2110 398 2174 molli
420 2109 535 2174 melius
557 2109 638 2173 feret
662 2110 772 2174 esseda
795 2111 885 2174 collo.

77 2217 152 2275 tum
175 2209 301 2272 demum
324 2228 431 2270 crassa
453 2227 608 2290 magnum
630 2207 790 2291 farragine
812 2229 927 2290 corpus
1037 2225 1088 2274 205

77 2328 221 2372 crescere
243 2305 309 2369 iam
331 2304 461 2368 domitis
485 2304 597 2388 sinit03
620 2325 757 2386 namque
781 2307 854 2367 ante
878 2304 1069 2369 domandum

77 2405 223 2490 ingentis
246 2402 363 2466 tollent
386 2401 509 2465 animos
533 2401 704 2484 prensique
726 2401 890 2486 negabunt

77 2503 214 2568 verbera
236 2500 325 2563 lenta
347 2499 416 2582 pati
439 2502 471 2562 et
494 2498 582 2561 duris
605 2519 716 2580 parere
738 2498 866 2581 lupatis.

124 2597 189 2663 Sed
210 2618 277 2660 nen
300 2596 366 2660 ulla
388 2595 491 2680 magis
514 2595 592 2659 viris
615 2594 774 2658 industria
796 2595 916 2680 firmat,

78 2717 179 2780 quam
201 2691 359 2757 Venerem
383 2697 414 2756 et
438 2692 521 2756 caeci
545 2691 693 2755 stimulos
718 2695 859 2755 avertere
882 2693 999 2756 amoris
1036 2710 1088 2758 arc

78 2795 148 2858 sive
171 2791 291 2854 bovem
315 2790 381 2854 sive
405 2794 454 2852 est
478 2789 554 2872 quoi
577 2789 701 2874 gratior
723 2810 801 2852 usus
824 2810 987 2872 equorum.

79 2893 178 2972 atque
201 2887 273 2950 ideo
297 2889 408 2950 tauros
431 2886 543 2968 procul
567 2890 663 2970 atque
685 2886 720 2950 in
743 2885 812 2949 sola
835 2887 978 2970 relegant

79 3007 200 3068 pascua
222 2987 298 3067 post
320 2987 463 3052 montem
482 2984 668 3067 oppositum
691 2987 722 3046 et
745 2987 835 3046 trans
859 2981 991 3046 flumina
1013 2983 1090 3070 lata,

79 3087 136 3146 aut
159 3083 249 3145 intus
273 3081 398 3145 clausos
423 3085 532 3144 satura
556 3081 595 3143 ad
617 3079 801 3164 praesaepia
825 3083 960 3144 servant.

79 3179 182 3263 carpit
206 3177 292 3242 enim
314 3177 392 3240 viris
416 3177 572 3260 paulatim
595 3178 723 3260 uritque
746 3179 880 3242 videndo
1037 3197 1088 3244 111

78 3277 208 3360 femina,
229 3296 289 3339 nec
310 3295 477 3338 nemorum
499 3275 622 3358 patitur
651 3276 834 3340 meminisse
851 3298 954 3360 neque
971 3277 1091 3340 herbae

79 3373 227 3438 dulcibus
250 3371 308 3436 1111
331 3371 459 3454 quidem
481 3371 663 3458 inlecebris,
686 3376 718 3436 et
742 3395 834 3456 saepe
859 3373 1012 3456 superbos

79 3470 231 3534 cornibus
254 3469 339 3533 inter
363 3490 396 3532 se
420 3468 542 3553 subigit
565 3469 729 3533 decernere
753 3471 897 3533 amantis.

78 3569 222 3654 pascitur
244 3567 280 3630 in
301 3587 418 3651 magna
442 3563 508 3630 Sila
531 3567 694 3631 formonsa
716 3568 860 3631 iuvenca:
889 3572 894 3598 ³
