2556 3966
196 217 261 281 372
525 214 670 269 VERGILI
687 214 820 270 AENEIS
837 215 874 268 XI

168 397 181 410 ’“
195 375 370 461 pugnatori
393 377 506 461 operit,
529 379 624 458 caput
647 375 760 460 ingens
785 376 851 440 oris
873 376 982 440 hiatus
1153 394 1209 443 eso

196 477 228 537 et
251 474 352 537 malae
375 476 482 536 texere
503 473 573 556 lupi
595 494 668 536 cum
691 472 840 538 dentibus
865 473 957 559 albia,

196 569 396 654 agrestisque
418 591 531 632 manus
555 573 658 633 armat
682 591 808 654 sparus,
832 571 901 653 ipse
924 571 1059 634 catervis

195 666 332 731 vertitur
354 666 389 730 in
411 666 523 730 mediis
547 669 579 730 et
601 669 673 730 toto
696 667 814 731 vertice
838 671 974 750 suprast.

195 761 281 826 hunc
303 763 359 826 illa
381 767 548 847 exceptum
571 761 687 851 (neque
711 763 796 826 enim
819 763 912 828 labor
935 763 1061 848 agmine
1085 764 1197 851 verso)

196 859 304 922 traicit
327 863 359 922 et
382 881 478 942 super
500 859 578 924 haee
599 859 728 922 inimico
752 863 880 942 pectore
902 860 1002 924 fatur:
1155 878 1209 926 685

196 955 299 1019 ‘silvis
322 959 364 1040 te,
387 955 560 1042 Tyrrhene,
582 957 665 1019 feras
689 955 811 1040 agitare
833 957 977 1039 putasti?

147 1078 149 1125 2
191 1052 324 1116 advenit
348 1053 404 1136 qui
426 1056 533 1116 vestra
556 1051 622 1115 dies
644 1052 856 1116 muliebribus
881 1053 977 1116 armis

147 1174 148 1203 1
195 1148 293 1212 verba
316 1148 522 1232 redarguerit.
566 1169 684 1212 nomen
706 1153 814 1212 tamen
836 1149 915 1214 haut
937 1150 1007 1214 leve
1029 1153 1163 1234 patrum

147 1241 149 1285 ἶ
195 1245 344 1309 manibus
366 1244 428 1309 hoc
450 1245 576 1328 referes,
598 1245 663 1309 telo
687 1246 836 1311 cecidisse
860 1244 1034 1312 Camillae!

152 1375 154 1387 =
195 1342 344 1425 protinus
359 1340 562 1405 Orsilochum
575 1345 607 1404 et
621 1340 735 1428 Buten,
749 1343 812 1408 duo
826 1343 965 1408 maxima
978 1344 1139 1410 Teucrum
1155 1363 1208 1412 ceo

156 1463 157 1472 ¹
196 1460 339 1524 corpora,
362 1438 417 1502 sed
439 1437 545 1501 Buten
568 1459 713 1503 aversum
736 1439 866 1523 cuspide
888 1440 961 1504 fixit

196 1534 328 1599 loricam
350 1535 537 1619 galeamque
559 1535 652 1619 inter,
675 1559 738 1621 qua
760 1537 842 1601 colla
865 1537 1002 1601 sedentis

195 1633 303 1696 lucent
326 1635 358 1695 et
381 1632 471 1695 laevo
495 1631 649 1714 dependet
671 1655 782 1716 panna
804 1635 933 1719 lacerto,

196 1727 399 1792 Orsilochum
420 1728 548 1812 fugiens
571 1749 786 1814 magnumque
809 1731 932 1815 agitata
954 1753 1011 1814 per
1035 1733 1149 1796 orbem

195 1825 295 1888 eludit
318 1846 398 1909 gyro
421 1825 556 1890 interior
579 1826 788 1910 sequiturque
811 1833 1006 1914 sequentem,
1155 1849 1206 1896 eea
1270 1859 1271 1900 1

150 1914 155 1977 J
195 1926 265 1986 tum
288 1923 426 1986 validam
448 1945 567 2006 perque
590 1945 677 1986 arma
699 1923 768 1988 viro
792 1945 912 2008 perque
936 1947 1009 1990 ossa
1032 1928 1174 1992 securim

192 2019 292 2083 altior
315 2041 472 2104 exurgens
497 2021 602 2084 oranti
575 2024 656 2084 tet
678 2021 780 2084 multa
747 2022 946 2104 tpreeanti

143 2119 145 2127 ¹
195 2117 409 2200 congeminat:
383 2117 547 2182 vtolnus
571 2117 721 2181 calido
695 2121 780 2202 ngat
804 2140 860 2182 ora
883 2119 1022 2184 cerebro.

131 2265 133 2272 .
194 2214 307 2278 incidit
329 2213 405 2278 huic
429 2214 516 2278 subit
502 2217 600 2298 toque
623 2218 753 2297 aspectu
775 2216 908 2280 territus
930 2216 1036 2281 haesit

194 2308 466 2393 Appenninicolae
489 2310 588 2373 bellat
574 2313 627 2374 tor
649 2310 735 2374 filius
758 2310 855 2397 Auni,
1154 2333 1207 2382 roo
1270 2315 1271 2388 1

168 2404 273 2473 theut
259 2405 452 2490 tLigurum
475 2428 513 2469 ex
515 2409 644 2492 tremus,
666 2407 742 2470 dum
764 2365 943 2473 falleiet
896 2411 963 2474 fata
987 2411 1147 2476 sinebant
1270 2389 1271 2428 ¹

194 2502 286 2585 isque
309 2502 366 2565 ubi
389 2525 423 2566 se
445 2502 567 2566 nullo
557 2525 622 2566 ram
645 2525 739 2567 cursu
762 2507 891 2570 evadere
915 2528 1041 2592 pugnae
1270 2491 1271 2502 ¹

194 2620 290 2682 posse
312 2599 488 2682 nequeins
490 2602 560 2662 tant
562 2621 611 2662 em
634 2601 777 2686 reginam
800 2608 889 2667 avcrt
891 2626 941 2668 ere
964 2607 1076 2693 cernit,

196 2696 330 2760 consilio
354 2717 479 2760 versare
503 2696 626 2760 dolos
617 2719 780 2782 ingressus
804 2705 835 2764 et
859 2705 932 2765 astu

195 2793 309 2875 incipit
331 2792 421 2856 haec:
446 2793 535 2876 ‘quid
556 2797 624 2857 tam
647 2796 820 2883 egregium,
843 2798 872 2860 si
893 2797 1012 2863 femina
1034 2801 1115 2866 forti
1153 2822 1207 2870 705
1270 2795 1271 2844 l

194 2889 267 2952 fidis
292 2890 396 2972 equo?
419 2890 546 2953 dimitte
569 2891 678 2975 fugam
701 2896 733 2956 et
756 2897 789 2956 te
811 2895 987 2960 comminus
1011 2919 1113 2981 aequo
1270 2895 1271 2912 ¹

195 3008 318 3050 mecum
342 2987 431 3051 crede
455 2986 524 3050 solo
547 3008 735 3072 pugnaeque
759 2991 886 3075 accinge
909 2993 1063 3075 pedestri:

195 3084 259 3146 iam
281 3105 404 3169 nosces,
427 3087 560 3148 ventosa
581 3086 664 3148 ferat
688 3086 739 3149 cui
758 3088 860 3172 gloria
878 3090 1042 3155 fraudem!

115 3172 117 3183 ¹
196 3179 286 3265 dixit,
309 3183 342 3244 at
364 3180 421 3244 illa
444 3181 552 3244 furens
577 3183 703 3265 acrique
726 3205 856 3249 accensa
880 3187 988 3251 dolore

195 3277 294 3340 tradit
318 3299 408 3340 ecum
431 3277 541 3342 comiti
564 3279 758 3362 paribusque
780 3280 904 3344 resistit
926 3282 961 3344 in
984 3284 1092 3371 armis,
1153 3304 1205 3354 710
1270 3309 1271 3314 ¹

196 3395 269 3436 ense
291 3373 386 3455 pedes
408 3373 494 3438 nudo
518 3397 661 3457 puraque
683 3375 831 3439 interrita
853 3399 972 3459 parma.

195 3472 228 3532 at
251 3467 384 3554 iuvenis,
406 3469 520 3532 vicisse
543 3471 615 3534 dolo
639 3475 738 3557 ratus,
762 3472 868 3536 avolat
891 3473 959 3556 ipse
