2576 3970
194 245 259 310 212
523 248 671 304 VERGlLl
688 247 821 302 Annus
840 247 865 299 V

193 408 275 470 nulli
298 409 367 472 visa
389 409 453 472 cito
477 409 616 474 decurrit
638 410 769 474 tramite
791 410 891 495 virgo.
1150 423 1199 472 010

194 505 350 588 conspicit
372 508 535 591 ingentem
557 528 747 571 concursum
770 511 802 571 et
824 507 920 571 litora
942 507 1072 589 lustrat,

195 601 401 686 desertosque
424 604 511 668 videt
533 609 647 688 portus
671 604 868 688 classemque
890 604 1042 668 relictam.

194 701 227 762 at
250 699 364 782 procul
385 702 421 765 in
444 703 512 766 sola
536 706 674 766 secretae
697 699 837 764 Troades
859 704 930 764 0010

98 783 109 866 ,’
194 796 349 860 amissum
372 795 534 864 Anchisen
557 799 687 881 fiebant,
709 802 903 881 cunctaeque
926 796 1120 881 profundum

193 897 330 976 pontum
353 894 559 979 aspectabant
583 895 704 958 fientes.
748 894 812 959 heu
834 898 886 958 101
908 895 989 958 vada
1010 894 1105 957 fessis
1149 911 1197 958 010

194 992 225 1052 01
248 993 376 1055 tantum
399 1013 565 1076 superesse
586 992 694 1076 maris,
716 1013 780 1056 vox
802 991 951 1056 omnibus
973 1013 1045 1054 una.

193 1087 306 1151 urbem
330 1094 432 1174 orant,
454 1089 560 1153 taedet
583 1089 691 1173 pelagi
712 1089 852 1171 perferre
875 1088 1026 1152 laborem.

194 1204 270 1269 ergo
293 1185 378 1249 inter
400 1186 519 1250 medias
544 1208 611 1250 sese
633 1185 713 1249 haut
735 1185 848 1268 ignara
869 1184 1021 1265 nocendi¹

193 1281 310 1344 conicit
333 1286 365 1346 et
387 1283 564 1366 faciemque
586 1283 662 1346 deae
684 1285 870 1364 vestemque
892 1282 1033 1366 reponit3

193 1378 232 1441 fit
254 1377 365 1464 Bero'e‘,
387 1379 508 1443 Tmarii
532 1379 671 1444 coniunx
692 1380 849 1464 longaeva
870 1377 1013 1464 Dorycli,
1148 1395 1195 1443 010
1277 1455 1278 1476 ,

194 1477 246 1540 cui
269 1497 369 1561 genus
394 1482 426 1540 et
450 1479 610 1561 quondam
632 1497 750 1540 nomen
771 1476 904 1558 natique
926 1477 1076 1561 fuissent3

194 1595 230 1637 00
253 1574 299 1637 010
320 1571 539 1638 Dardanidum
561 1575 697 1639 mediam
720 1596 754 1637 se
776 1573 935 1637 matribus
958 1573 1063 1637 infert.

194 1671 226 1733 ‘o
249 1670 393 1754 miserae,
417 1693 495 1754 quas
517 1692 584 1735 non
606 1672 732 1734 manus’
755 1671 862 1754 inquit
886 1669 1036 1734 ‘Achaica
1057 1671 1142 1735 bello

194 1767 329 1830 traxerit
352 1767 391 1830 ad
413 1767 514 1831 letum
536 1769 659 1851 patriae
682 1765 742 1832 sub
764 1768 946 1832 moenibus!
970 1789 989 1832 0
1013 1789 1092 1852 gens

193 1863 318 1948 infelix,
341 1865 393 1928 eui
415 1869 448 1928 te
471 1866 569 1930 exitio
593 1864 737 1928 Fortuna
759 1865 921 1929 reservat?
1148 1881 1193 1930 010

195 1962 331 2044 septima
352 1965 428 2045 post
451 1963 564 2028 Γ110100
587 1963 744 2026 excidium
766 1963 832 2027 iam
853 1963 991 2027 vertitur
1014 1968 1128 2048 aestas,

194 2081 266 2122 oum
288 2059 381 2145 freta,
403 2055 476 2124 cum
497 2064 600 2124 terras
625 2060 739 2144 omnis,
761 2064 812 2124 tot
834 2059 999 2143 inhospita
1022 2083 1099 2126 saxa

195 2155 361 2240 sideraque
384 2179 528 2221 emensae
550 2157 693 2242 ferimur,
715 2157 791 2220 dum
814 2179 870 2240 per
893 2178 980 2220 11010
1003 2179 1155 2242 magnum

194 2251 323 2318 Italiam
346 2255 508 2337 sequimur
529 2254 706 2338 fugientem
728 2255 761 2317 et
783 2253 942 2317 volvimur
964 2255 1067 2318 undis.

193 2349 247 2414 hic
269 2351 384 2434 Erycis
407 2352 486 2414 fines
508 2351 643 2414 fraterni
666 2353 762 2434 atque
783 2349 900 2432 hospes
924 2350 1069 2416 Acestes:
1148 2370 1194 2418 030

195 2447 267 2530 quis
290 2447 440 2530 prohibet
462 2467 571 2510 muros
594 2447 696 2510 iacere
719 2450 751 2510 et
774 2446 848 2510 dare
871 2446 995 2519 civibus
1018 2449 1155 2513 urbem?

195 2565 214 2606 0
237 2544 342 2626 patria
365 2548 397 2606 et
419 2543 505 2626 rapti
525 2543 721 2626 nequiquam
743 2566 782 2606 ex
804 2544 897 2608 hoste
920 2548 1062 2631 penates,

194 2642 324 2704 nullane
346 2641 410 2704 iam
433 2639 547 2703 Troiae
570 2639 715 2704 dicentur
737 2641 886 2705 moenia?
908 2662 1067 2726 nusquam

195 2738 370 2802 Hectoreos
394 2738 496 2800 amnis
519 2736 686 2801 Xanthum
708 2742 740 2801 01
764 2735 928 2802 Simoenta
950 2739 1087 2804 videbo?

195 2835 274 2918 quin
296 2834 382 2919 agite
405 2838 437 2896 et
459 2855 582 2896 mecum
604 2833 762 2899 infaustas
786 2835 909 2898 exurite
931 2837 1057 2920 puppis
1148 2857 1193 2905 030

194 2953 269 2995 nam
291 2931 372 2994 mihi
395 2929 590 2994 Cassandrae
612 2953 669 3013 per
692 2953 840 2997 somnum
862 2933 946 2996 10110
969 2934 1075 3019 imago

195 3028 335 3092 ardentis
359 3029 432 3091 dare
455 3029 524 3091 visa
546 3029 643 3092 faces:
666 3029 736 3114 „hie
758 3029 901 3113 quaerite
923 3029 1062 3116 Troiam,

194 3126 247 3190 hic
270 3126 383 3189 domus
406 3125 473 3188 est“
495 3126 602 3208 inquit
624 3126 760 3210 „vobis“.
805 3127 870 3191 iam
891 3131 1019 3210 tempus
1042 3131 1095 3214 agi
1119 3154 1174 3217 res,

194 3224 375 3288 nectentis
398 3245 488 3287 mora
510 3224 674 3308 prodigiis.
720 3246 761 3288 en
784 3229 937 3308 quattuor
960 3247 1031 3289 arae

195 3318 361 3403 Neptuno,
385 3319 460 3383 deus
483 3319 552 3402 ipse
574 3321 658 3384 faces
682 3321 882 3406 animamque
904 3323 1089 3388 ministrat’
1148 3343 1192 3394 040

194 3417 273 3481 haee
294 3437 474 3480 memorans
497 3417 601 3500 prima
623 3417 784 3481 infensum
805 3419 838 3482 11
861 3419 993 3502 corripit
1017 3421 1126 3505 ignem

197 3512 385 3596 sublataque
408 3513 520 3595 procul
542 3513 653 3576 dextra
676 3515 789 3577 conixa
812 3521 957 3580 coruscat
