2552 3958
194 226 333 280 XXXVIII
501 226 549 280 DE
570 225 655 278 VITA
673 225 719 280 ET
739 225 895 280 SCRIPTIS

194 408 353 470 quamque
382 387 537 450 immensa
565 387 744 450 studiorum
772 387 806 450 vi
832 387 893 452 hoc
920 387 1059 451 maxime
1088 410 1207 471 poema

193 485 387 548 instructum
411 485 454 547 sit
478 488 509 547 et
537 483 605 567 ipse
633 484 771 566 epistula
794 505 891 566 supra
913 484 1042 550 laudata
1065 489 1206 550 testatur

194 585 226 644 et
249 585 516 645 commentatores
540 580 665 664 antiqui
690 580 837 644 demirati
860 586 944 644 sunt.
1269 573 1270 576 '

281 677 441 742 Recitavit
465 675 629 762 Vergilius
663 699 726 760 quo
757 682 825 742 erat
856 678 954 742 animi
986 679 1106 761 pudore
1139 701 1206 744 car-

193 775 280 838 mina
308 797 366 838 sua
393 776 581 858 plerumque
607 775 692 838 inter
719 797 851 861 paucos,
878 797 951 840 raro
980 775 1128 859 pluribus
1156 778 1207 841 ‘et
1270 833 1271 856 ,

194 894 230 935 ea
257 871 335 957 fere,
368 872 406 936 de
439 872 556 955 quibus
589 872 789 958 ambigebat,
821 893 884 955 quo
915 873 1018 957 magis
1049 873 1206 938 iudicium

192 967 360 1032 hominum
392 969 590 1052 experiretur
602 967 647 1055 1).'
700 969 754 1032 sed
787 991 864 1033 voce
897 970 1037 1054 optima,
1071 971 1208 1056 ingenti,

195 1066 250 1129 ubi
272 1088 323 1129 res
346 1066 483 1150 ferebat,
506 1066 635 1150 affectu,
665 1066 772 1129 divino
797 1065 935 1148 quodam
959 1065 1077 1148 spiritu
1101 1067 1207 1131 elatus

193 1167 346 1246 tantaque
372 1163 529 1226 suavitate
557 1166 687 1245 tamque
715 1162 805 1226 miris
834 1163 913 1226 artis
937 1163 1103 1228 lenociniis
1127 1187 1207 1228 usus
1271 1241 1272 1244 Ἴ

193 1259 439 1344 pronuntiabat,
466 1263 503 1322 ut
529 1257 631 1322 Iulius
658 1259 832 1324 Montanus
861 1263 957 1342 poeta
985 1261 1128 1343 aequalis
1157 1284 1207 1325 so·
1271 1245 1272 1262 Χ

193 1358 273 1422 leret
301 1357 416 1440 dicere,
443 1357 661 1420 inuolaturum
687 1379 721 1420 se
746 1356 891 1440 Vergilio
920 1357 1088 1443 quaedam,
1117 1359 1146 1422 si
1174 1364 1208 1422 et

194 1477 303 1519 vocem
326 1458 436 1537 posset
455 1458 488 1516 et
506 1475 542 1518 os
565 1458 596 1516 ct
619 1446 818 1538 hypocrisin:
843 1454 971 1518 eosdem
989 1455 1074 1517 enim
1092 1476 1207 1519 versus

194 1553 265 1635 ipso
293 1552 522 1635 pronuntiante
549 1552 630 1615 bene
658 1571 784 1635 sonare,
818 1550 885 1614 sine
913 1550 969 1613 illo
997 1551 1109 1615 inanes
1138 1573 1207 1616 esse

194 1646 411 1732 murosquen.

282 1745 321 1810 In
344 1767 453 1809 eorum
476 1749 646 1828 poctarum
669 1748 775 1827 coetu,
801 1743 857 1825 qui
880 1742 1072 1808 Maecenatis
1095 1745 1207 1831 Augu-

195 1843 300 1924 stique
323 1839 543 1905 familiaritate
559 1840 764 1924 fruebantur,
788 1861 860 1902 cum
883 1838 982 1903 Vario
1006 1841 1111 1922 primo
1134 1844 1206 1908 loco

195 1936 379 2024 habitumss)
407 1935 562 2000 Horatius
595 1937 742 2020 inprimis
771 1941 803 2000 et
832 1937 945 2000 dilexit
977 1941 1013 2000 ut
1047 1940 1207 2022 optimum

1273 2105 1274 2126 l

195 2138 330 2210 gallensis
355 2137 477 2191 maxime
500 2137 584 2190 fidem
609 2138 767 2208 recognita,
797 2137 876 2189 cuius
899 2139 996 2191 lamen
1021 2155 1073 2191 nec
1097 2140 1206 2195 coniec-
1273 2151 1274 2154 ’

195 2217 287 2264 turam
309 2210 398 2279 probo
420 2209 558 2276 firmatam
585 2225 637 2262 nec
658 2209 807 2262 verborum
827 2209 913 2262 ‘nibal
936 2211 968 2262 in
990 2211 1113 2263 ordinem
1135 2215 1205 2266 orri-

191 2282 288 2350 picns’
316 2278 576 2349 interpretationem
603 2297 630 2349 p.
651 2284 701 2332 686
729 2277 893 2348 expositam.
941 2296 1058 2348 quorum
1087 2280 1206 2354 simplex

196 2351 336 2406 sententia
359 2351 430 2404 haec
454 2351 509 2418 est,
533 2353 612 2403 extra
635 2366 725 2403 rerum
748 2365 798 2419 per
822 2347 947 2418 singulos
971 2349 1058 2404 libros
1085 2351 1144 2406 iam
1167 2354 1206 2407 di-

195 2427 337 2492 gestarum
366 2421 492 2475 ordinem
520 2419 603 2474 modo
630 2419 684 2474 hac
713 2421 796 2474 modo
824 2419 876 2473 illa
903 2423 1017 2490 arrepta
1045 2425 1206 2492 argumenti

194 2493 334 2563 particula
352 2495 466 2562 poetam
484 2507 580 2545 versus
600 2490 797 2560 composuisse.

269 2573 289 2642 l)
310 2572 450 2626 ‘recitauit
472 2577 497 2625 et
515 2573 657 2639 plnribnrs,
679 2573 726 2625 scd
746 2587 830 2640 ncqnc
853 2571 1006 2638 frequenter
1027 2577 1053 2624 et
1079 2589 1112 2626 ea
1135 2575 1205 2641 serc’

197 2661 218 2698 e.
234 2661 260 2712 q.
276 2661 297 2696 s.
317 2643 444 2696 Donatus
463 2659 490 2711 p.
506 2647 547 2710 62,
562 2641 622 2698 4R.

269 2721 288 2791 ἵ)
309 2722 517 2790 ‘pronuntiabat
540 2728 629 2774 antem
652 2738 713 2774 enni
731 2721 865 2774 suavitate
883 2727 940 2773 ran
960 2719 1102 2775 lenociniis
1121 2725 1207 2780 iniria.

195 2801 220 2848 et
243 2793 342 2847 Sarnaca
365 2793 493 2857 tradidit,
518 2791 624 2846 Iuliana
648 2791 815 2844 Montanum
838 2798 947 2859 poetam
969 2792 1077 2844 solitam
1101 2795 1205 2850 dicerc'

196 2881 218 2918 e.
239 2881 264 2930 q.
285 2882 305 2918 s.
330 2862 457 2915 Donatus
480 2881 506 2931 p.
523 2867 569 2930 61,
589 2867 606 2914 4
629 2861 661 2916 R.
704 2861 738 2914 cf.
763 2864 909 2932 praeterea
933 2860 966 2914 de
990 2861 1208 2920 recitationibus

195 2934 262 2988 libri
280 2933 374 3001 quarti
393 2935 422 2986 ct
441 2933 512 2986 sexti
531 2932 607 2987 locos
627 2948 711 3002 supro.
731 2931 894 3002 descriptos.

269 3012 289 3081 8)
310 3012 438 3066 ‘Caecilio
462 3012 619 3080 Ptantoqnc
644 3013 721 3066 dabit
743 3011 886 3064 Romanas
909 3012 1064 3079 adernptnm
1087 3013 1211 3084 Vcrpilio

201 3082 368 3152 Varioque?’
395 3082 527 3136 Horatius
549 3099 574 3136 a.
593 3101 620 3151 p.
636 3087 677 3136 55.
711 3081 837 3135 eiusdem
855 3082 885 3134 in
904 3084 956 3136 sat.
976 3081 988 3134 I
1008 3087 1050 3149 10,
1070 3088 1104 3134 53
1127 3084 1210 3152 ‘forte

195 3172 257 3224 epos
275 3171 336 3208 acer
360 3155 395 3207 Vt
416 3171 492 3208 nenw
521 3154 618 3208 t'an'ns
639 3154 729 3219 ducta
752 3154 829 3206 molle
848 3160 927 3222 atquc
945 3154 1064 3220 facetam
1088 3155 1210 3226 Verpn'lio

195 3228 352 3280 adnnernnt
376 3226 523 3294 pandentes
545 3241 609 3278 rnre
634 3224 780 3278 Cantenae'
807 3223 912 3292 scripta
935 3239 967 3276 co
990 3225 1116 3292 tempore
1142 3231 1210 3280 sunt

196 3315 250 3365 quo
270 3295 409 3364 Vergilius
428 3295 552 3347 nondum
571 3295 719 3362 adgressus
740 3296 801 3347 erat
819 3294 857 3346 ad
875 3293 1014 3362 Aeneida,
1034 3311 1209 3364 quamquam

196 3368 232 3421 ab
255 3366 372 3420 Horatio
396 3382 431 3418 ne
455 3364 520 3417 aliis
544 3365 658 3432 quidem
680 3364 749 3418 locis
769 3365 862 3434 (velut
880 3381 964 3418 carm.
985 3366 997 3417 Ι
1016 3371 1040 3418 6.
1064 3365 1102 3418 IV
1121 3369 1154 3437 2)
1180 3369 1210 3422 in

195 3438 306 3492 heroico
335 3453 436 3506 genere
466 3438 705 3490 commemoratur.
750 3435 828 3489 edita
856 3435 967 3488 demum
995 3435 1119 3489 Aeneide
1150 3440 1209 3508 epi-

196 3526 290 3562 corum
318 3510 465 3576 poetarum
494 3506 577 3575 longe
605 3505 734 3575 princeps
763 3506 876 3558 habitus
903 3509 953 3560 est,
996 3507 1211 3575 comprehendit
