2574 3964
357 227 780 310 vunorarouoaarcorvu
1032 258 1075 322 49

31 465 34 472 ,
69 409 266 475 sollicitanda
288 414 398 476 tamen
420 413 516 476 tellus
539 415 709 500 pulvisque
732 418 922 504 movendus,

68 511 98 570 et
118 507 184 572 iam
204 509 342 572 maturis
365 510 556 575 metuendus
579 510 725 595 Iuppiter
747 514 828 577 uvis.

109 602 229 670 Contra
249 627 318 672 non
339 606 439 671 ullast
463 608 543 672 oleis
566 609 708 674 cultura:
730 630 834 694 neque
857 611 932 676 illae
1022 629 1075 680 420

69 723 254 784 procurvam
276 707 446 788 expectant
469 705 584 770 falcem
605 711 792 791 rastrosque
815 710 950 794 tenacis,

68 821 135 864 cum
157 801 256 866 semel
278 800 452 866 haeserunt
477 803 561 866 arvis
585 826 742 887 aurasque
765 805 925 890 tulerunt,

69 897 132 980 ipsa
155 898 235 961 satis
258 898 370 982 tellus,
394 921 466 962 cum
489 900 584 964 dente
607 901 783 966 recluditur
806 923 902 988 unco,

68 994 182 1058 suffieit
203 1016 351 1059 umorem
373 998 406 1060 et
429 995 592 1080 gravidas,
615 1019 688 1062 cum
709 1019 852 1085 vomere,
874 1000 993 1084 fruges.

68 1089 123 1156 hoo
144 1091 301 1176 pinguem
324 1095 357 1156 et
380 1093 532 1176 placitam
555 1092 631 1158 Paci
653 1096 796 1160 nutritor
820 1097 944 1161 olivam.
1022 1114 1074 1162 444

105 1186 205 1252 Poma
229 1209 370 1274 quoque,
398 1193 436 1254 ut
458 1190 599 1273 primum
628 1196 760 1258 truncos
785 1216 912 1259 sensere
935 1195 1073 1259 valentis

67 1289 97 1348 et
117 1286 197 1349 viris
219 1285 361 1351 habuere
385 1307 474 1372 suas,
497 1289 537 1352 ad
560 1288 665 1352 sidera
687 1290 808 1372 raptim

68 1383 248 1466 vipropria
270 1383 421 1448 nituntur
444 1384 578 1468 opisque
601 1384 681 1449 haut
703 1386 813 1471 indiga
835 1390 974 1451 nostrae.

66 1502 119 1544 nec
139 1481 248 1544 minus
272 1480 396 1546 interea
417 1481 487 1546 fetu
508 1502 621 1546 nemus
646 1505 738 1547 omne
762 1484 934 1570 gravescit,

67 1578 312 1663 sanguineisque
335 1578 457 1642 inculta
479 1579 598 1644 rubent
621 1579 741 1643 4414414
764 1579 860 1644 bacis.
1021 1597 1073 1646 430

67 1677 237 1740 tondentur
261 1675 369 1760 cytisi,
392 1675 501 1740 taedas
525 1677 606 1740 silva
629 1677 695 1740 alta
717 1676 894 1761 ministrat,

67 1776 302 1855 pascunturque
324 1773 415 1856 ignes
437 1774 590 1837 nocturni
613 1778 646 1839 et
668 1774 791 1838 lumina
813 1773 961 1839 fundunt.

67 1871 138 1952 quid
160 1870 285 1934 maiora
308 1870 448 1952 sequar?
476 1870 589 1934 salices
612 1870 815 1953 humilesque
838 1872 982 1956 genistae
1021 1889 1073 1938 434

65 1973 118 2031 aut
139 1967 217 2032 illae
239 1967 347 2050 pecori
369 1967 517 2032 frondem
539 1972 596 2032 aut
619 1967 805 2052 pastoribus
829 1969 977 2034 umbram
1020 1987 1072 2036 4³5

66 2064 228 2128 sufficiunt
252 2084 442 2147 saepemque
466 2064 545 2128 44114
569 2069 602 2130 41
625 2066 744 2149 pabula
765 2066 861 2130 melli.

66 2165 96 2225 et
116 2162 207 2226 iuvat
229 2160 404 2225 undantem
426 2161 513 2226 buxo
537 2167 681 2246 spectare
704 2162 862 2246 Cytorum

67 2255 284 2342 Naryciaeque
307 2257 388 2342 picis
410 2258 514 2345 lucos,
537 2259 627 2323 iuvat
651 2281 726 2322 arva
748 2258 855 2324 videre

65 2375 128 2418 non
149 2353 281 2439 rastris,
302 2353 470 2418 hominum
492 2376 559 2420 non
580 2357 640 2420 ulli
663 2356 802 2421 obnoxia
825 2378 926 2422 curae.

66 2450 150 2534 ipsae
174 2449 335 2515 Oaucaseo
358 2453 484 2517 steriles
507 2453 543 2517 in
564 2453 682 2518 vertice
707 2453 820 2538 silvae,
1020 2471 1073 2520 440
1105 2479 1109 2525 t
1214 2491 1217 2500 ·

67 2569 140 2630 quas
165 2548 302 2612 animosi
324 2547 394 2613 euri
417 2549 547 2615 adsidue
570 2551 787 2636 franguntque
809 2551 994 2638 feruntque,
1105 2558 1108 2632 ζ

65 2645 138 2710 dant
161 2645 242 2710 alios
266 2645 347 2710 aliae
369 2645 470 2731 fetus,
492 2646 569 2712 dant
592 2650 672 2713 utile
695 2649 822 2733 lignum

66 2743 200 2828 navigiis
223 2742 332 2827 pinus,
354 2742 503 2808 domibus
527 2745 718 2828 cedrumque
741 2750 980 2834 cupressosque.

65 2836 135 2904 binc
157 2840 265 2904 radios
288 2841 405 2905 trivere
428 2841 525 2925 rotis,
546 2841 622 2906 hinc
644 2847 797 2925 tympana
820 2842 973 2925 plaustris

66 2937 233 3023 agricolae,
256 2941 289 3002 et
311 2937 431 3020 pandas
454 2939 580 3003 ratibus
604 2960 740 3023 posuere
763 2938 896 3002 carinas.
1020 2957 1072 3006 444

66 3033 236 3097 viminibus
260 3034 386 3118 salices,
408 3035 560 3100 fecundae
582 3035 750 3100 frondibus
774 3035 868 3119 ulmi,

67 3134 97 3193 at
116 3134 243 3215 myrtus
265 3131 380 3195 validis
403 3131 577 3198 hastilibus
601 3139 633 3199 et
656 3134 741 3197 bona
763 3133 849 3196 bello

66 3248 191 3314 cornus,
212 3227 360 3293 Ituraeos
382 3229 451 3292 taxi
473 3234 666 3313 torquentur
688 3231 724 3295 in
745 3251 846 3294 arcus.

66 3344 119 3390 neo
139 3326 230 3391 tiliae
252 3326 339 3390 leves
363 3330 419 3390 aut
441 3331 536 3391 torno
560 3327 655 3391 rasile
679 3326 801 3390 buxum

68 3527 95 3583 41
117 3526 257 3586 dubitant
280 3527 414 3585 homines
438 3545 535 3585 serere
558 3531 648 3602 atque
671 3526 831 3602 inpendere
855 3525 982 3583 curam?
1020 3535 1071 3582 433
