<?xml version="1.0" encoding="UTF-8"?>
<!DOCTYPE html PUBLIC "-//W3C//DTD XHTML 1.0 Transitional//EN"
    "http://www.w3.org/TR/xhtml1/DTD/xhtml1-transitional.dtd">
<html xmlns="http://www.w3.org/1999/xhtml" xml:lang="en" lang="en">
 <head>
  <title>
</title>
<meta http-equiv="Content-Type" content="text/html;charset=utf-8" />
  <meta name='ocr-system' content='tesseract 3.04.00' />
  <meta name='ocr-capabilities' content='ocr_page ocr_carea ocr_par ocr_line ocrx_word'/>
</head>
<body>
  <div class='ocr_page' id='page_1' title='image "./pvergilimaronis11virggoog/pvergilimaronis11virggoog_0283.png"; bbox 0 0 2576 3970; ppageno 0'>
   <div class='ocr_carea' id='block_1_1' title="bbox 189 256 864 322">
    <p class='ocr_par' dir='ltr' id='par_1_1' title="bbox 189 256 864 322">
     <span class='ocr_line' id='line_1_1' title="bbox 189 256 864 322; baseline -0.018 0"><span class='ocrx_word' id='word_1_1' title='bbox 189 259 253 322; x_wconf 82' lang='grc'><strong>230</strong></span> <span class='ocrx_word' id='word_1_2' title='bbox 507 257 655 312; x_wconf 83' lang='lat' dir='ltr'>VERGILI</span> <span class='ocrx_word' id='word_1_3' title='bbox 673 256 806 312; x_wconf 81' lang='lat' dir='ltr'><strong>AENEIS</strong></span> <span class='ocrx_word' id='word_1_4' title='bbox 825 257 864 310; x_wconf 84' lang='lat' dir='ltr'><strong>VI</strong></span> 
     </span>
    </p>
   </div>
   <div class='ocr_carea' id='block_1_2' title="bbox 146 417 1285 3600">
    <p class='ocr_par' dir='ltr' id='par_1_2' title="bbox 187 417 1203 2147">
     <span class='ocr_line' id='line_1_2' title="bbox 187 417 1203 505; baseline 0.002 -23"><span class='ocrx_word' id='word_1_5' title='bbox 187 419 247 484; x_wconf 91' lang='lat' dir='ltr'><strong>hae</strong></span> <span class='ocrx_word' id='word_1_6' title='bbox 268 420 403 505; x_wconf 88' lang='lat' dir='ltr'><strong>lincunt,</strong></span> <span class='ocrx_word' id='word_1_7' title='bbox 425 420 499 484; x_wconf 89' lang='lat' dir='ltr'><strong>illae</strong></span> <span class='ocrx_word' id='word_1_8' title='bbox 521 421 617 484; x_wconf 90' lang='lat' dir='ltr'><strong>remis</strong></span> <span class='ocrx_word' id='word_1_9' title='bbox 640 418 720 482; x_wconf 83' lang='lat' dir='ltr'><strong>vada</strong></span> <span class='ocrx_word' id='word_1_10' title='bbox 743 419 841 482; x_wconf 89' lang='lat' dir='ltr'><strong>livida</strong></span> <span class='ocrx_word' id='word_1_11' title='bbox 864 417 1030 482; x_wconf 68' lang='lat' dir='ltr'><strong>verrunti’</strong></span> <span class='ocrx_word' id='word_1_12' title='bbox 1147 435 1203 484; x_wconf 73' lang='lat' dir='ltr'><strong>cao</strong></span> 
     </span>
     <span class='ocr_line' id='line_1_3' title="bbox 188 515 999 600; baseline 0.002 -22"><span class='ocrx_word' id='word_1_13' title='bbox 188 515 245 579; x_wconf 91' lang='lat' dir='ltr'><strong>olli</strong></span> <span class='ocrx_word' id='word_1_14' title='bbox 268 517 313 580; x_wconf 90' lang='lat' dir='ltr'><strong>sic</strong></span> <span class='ocrx_word' id='word_1_15' title='bbox 336 516 476 581; x_wconf 86' lang='lat' dir='ltr'><strong>breviter</strong></span> <span class='ocrx_word' id='word_1_16' title='bbox 497 517 565 580; x_wconf 88' lang='lat' dir='ltr'><strong>fata</strong></span> <span class='ocrx_word' id='word_1_17' title='bbox 589 520 637 580; x_wconf 89' lang='lat' dir='ltr'><strong>est</strong></span> <span class='ocrx_word' id='word_1_18' title='bbox 660 517 816 600; x_wconf 84' lang='lat' dir='ltr'><strong>longaeva</strong></span> <span class='ocrx_word' id='word_1_19' title='bbox 839 517 999 580; x_wconf 82' lang='lat' dir='ltr'><strong>sacerdos:</strong></span> 
     </span>
     <span class='ocr_line' id='line_1_4' title="bbox 188 610 978 698; baseline 0.003 -24"><span class='ocrx_word' id='word_1_20' title='bbox 188 610 340 676; x_wconf 76' lang='lat' dir='ltr'><strong>‘Anchisa</strong></span> <span class='ocrx_word' id='word_1_21' title='bbox 363 617 521 698; x_wconf 80' lang='lat' dir='ltr'><strong>generate,</strong></span> <span class='ocrx_word' id='word_1_22' title='bbox 544 614 638 676; x_wconf 92' lang='lat' dir='ltr'><strong>deum</strong></span> <span class='ocrx_word' id='word_1_23' title='bbox 662 611 840 676; x_wconf 88' lang='lat' dir='ltr'><strong>certissima</strong></span> <span class='ocrx_word' id='word_1_24' title='bbox 862 613 978 695; x_wconf 89' lang='lat' dir='ltr'><strong>proles,</strong></span> 
     </span>
     <span class='ocr_line' id='line_1_5' title="bbox 188 707 1052 794; baseline 0 -22"><span class='ocrx_word' id='word_1_25' title='bbox 188 707 301 792; x_wconf 82' lang='lat' dir='ltr'><strong>Cocyti</strong></span> <span class='ocrx_word' id='word_1_26' title='bbox 325 714 440 794; x_wconf 83' lang='lat' dir='ltr'><strong>stagna</strong></span> <span class='ocrx_word' id='word_1_27' title='bbox 463 710 528 775; x_wconf 89' lang='lat' dir='ltr'><strong>alta</strong></span> <span class='ocrx_word' id='word_1_28' title='bbox 550 709 638 772; x_wconf 88' lang='lat' dir='ltr'><strong>vides</strong></span> <span class='ocrx_word' id='word_1_29' title='bbox 663 707 872 792; x_wconf 77' lang='lat' dir='ltr'><strong>Stygiamque</strong></span> <span class='ocrx_word' id='word_1_30' title='bbox 895 710 1052 794; x_wconf 83' lang='lat' dir='ltr'><strong>paludem,</strong></span> 
     </span>
     <span class='ocr_line' id='line_1_6' title="bbox 188 806 934 889; baseline 0.001 -22"><span class='ocrx_word' id='word_1_31' title='bbox 188 806 220 868; x_wconf 91' lang='lat' dir='ltr'><strong>di</strong></span> <span class='ocrx_word' id='word_1_32' title='bbox 243 807 333 870; x_wconf 89' lang='lat' dir='ltr'><strong>ouius</strong></span> <span class='ocrx_word' id='word_1_33' title='bbox 355 808 460 889; x_wconf 90' lang='lat' dir='ltr'><strong>iurare</strong></span> <span class='ocrx_word' id='word_1_34' title='bbox 482 806 598 870; x_wconf 87' lang='lat' dir='ltr'><strong>timent</strong></span> <span class='ocrx_word' id='word_1_35' title='bbox 621 811 653 870; x_wconf 91' lang='lat' dir='ltr'><strong>et</strong></span> <span class='ocrx_word' id='word_1_36' title='bbox 676 807 786 870; x_wconf 85' lang='lat' dir='ltr'><strong>fallere</strong></span> <span class='ocrx_word' id='word_1_37' title='bbox 808 827 934 870; x_wconf 89' lang='lat' dir='ltr'><strong>numen.</strong></span> 
     </span>
     <span class='ocr_line' id='line_1_7' title="bbox 187 901 1203 988; baseline 0.003 -23"><span class='ocrx_word' id='word_1_38' title='bbox 187 903 327 985; x_wconf 89' lang='lat' dir='ltr'><strong>portitor</strong></span> <span class='ocrx_word' id='word_1_39' title='bbox 350 903 404 966; x_wconf 90' lang='lat' dir='ltr'><strong>ille</strong></span> <span class='ocrx_word' id='word_1_40' title='bbox 428 901 568 982; x_wconf 73' lang='lat' dir='ltr'><strong>Obarom</strong></span> <span class='ocrx_word' id='word_1_41' title='bbox 591 903 636 988; x_wconf 90' lang='lat' dir='ltr'><strong>hi,</strong></span> <span class='ocrx_word' id='word_1_42' title='bbox 659 925 739 986; x_wconf 89' lang='lat' dir='ltr'><strong>quos</strong></span> <span class='ocrx_word' id='word_1_43' title='bbox 762 901 852 966; x_wconf 86' lang='lat' dir='ltr'><strong>vehit</strong></span> <span class='ocrx_word' id='word_1_44' title='bbox 874 903 968 986; x_wconf 88' lang='lat' dir='ltr'><strong>unda,</strong></span> <span class='ocrx_word' id='word_1_45' title='bbox 991 903 1127 986; x_wconf 85' lang='lat' dir='ltr'><strong>sepulti;</strong></span> <span class='ocrx_word' id='word_1_46' title='bbox 1147 922 1203 968; x_wconf 78' lang='grc'><strong>333</strong></span> 
     </span>
     <span class='ocr_line' id='line_1_8' title="bbox 187 997 1203 1084; baseline 0.003 -23"><span class='ocrx_word' id='word_1_47' title='bbox 187 999 265 1062; x_wconf 85' lang='lat' dir='ltr'><strong>haec</strong></span> <span class='ocrx_word' id='word_1_48' title='bbox 279 1000 391 1084; x_wconf 85' lang='lat' dir='ltr'><strong>omnis,</strong></span> <span class='ocrx_word' id='word_1_49' title='bbox 405 1021 501 1082; x_wconf 91' lang='lat' dir='ltr'><strong>quam</strong></span> <span class='ocrx_word' id='word_1_50' title='bbox 514 1001 626 1084; x_wconf 81' lang='lat' dir='ltr'><strong>carnia,</strong></span> <span class='ocrx_word' id='word_1_51' title='bbox 639 1001 733 1082; x_wconf 88' lang='lat' dir='ltr'><strong>inops</strong></span> <span class='ocrx_word' id='word_1_52' title='bbox 747 997 977 1082; x_wconf 71' lang='lat' dir='ltr'><strong>inhumataque</strong></span> <span class='ocrx_word' id='word_1_53' title='bbox 990 1000 1137 1084; x_wconf 86' lang='lat' dir='ltr'><strong>turbast;</strong></span> <span class='ocrx_word' id='word_1_54' title='bbox 1149 1018 1203 1064; x_wconf 79' lang='lat'><strong>325</strong></span> 
     </span>
     <span class='ocr_line' id='line_1_9' title="bbox 187 1095 985 1179; baseline 0 -20"><span class='ocrx_word' id='word_1_55' title='bbox 187 1118 245 1159; x_wconf 91' lang='lat' dir='ltr'><strong>nec</strong></span> <span class='ocrx_word' id='word_1_56' title='bbox 267 1097 353 1179; x_wconf 82' lang='lat' dir='ltr'><strong>ripas</strong></span> <span class='ocrx_word' id='word_1_57' title='bbox 377 1096 471 1160; x_wconf 86' lang='lat' dir='ltr'><strong>datur</strong></span> <span class='ocrx_word' id='word_1_58' title='bbox 493 1096 667 1160; x_wconf 88' lang='lat' dir='ltr'><strong>horrendas</strong></span> <span class='ocrx_word' id='word_1_59' title='bbox 692 1100 724 1158; x_wconf 90' lang='lat' dir='ltr'><strong>et</strong></span> <span class='ocrx_word' id='word_1_60' title='bbox 746 1117 842 1159; x_wconf 87' lang='lat' dir='ltr'><strong>rauca</strong></span> <span class='ocrx_word' id='word_1_61' title='bbox 864 1095 985 1159; x_wconf 86' lang='lat' dir='ltr'><strong>fluenta</strong></span> 
     </span>
     <span class='ocr_line' id='line_1_10' title="bbox 188 1193 1081 1278; baseline 0.002 -23"><span class='ocrx_word' id='word_1_62' title='bbox 188 1197 407 1276; x_wconf 89' lang='lat' dir='ltr'><strong>transportare</strong></span> <span class='ocrx_word' id='word_1_63' title='bbox 429 1193 529 1278; x_wconf 76' lang='lat' dir='ltr'><strong>priua,</strong></span> <span class='ocrx_word' id='word_1_64' title='bbox 552 1216 648 1276; x_wconf 87' lang='lat' dir='ltr'><strong>quam</strong></span> <span class='ocrx_word' id='word_1_65' title='bbox 672 1193 800 1256; x_wconf 88' lang='lat' dir='ltr'><strong>sedibus</strong></span> <span class='ocrx_word' id='word_1_66' title='bbox 824 1214 898 1256; x_wconf 88' lang='lat' dir='ltr'><strong>ossa</strong></span> <span class='ocrx_word' id='word_1_67' title='bbox 921 1193 1081 1276; x_wconf 89' lang='lat' dir='ltr'><strong>quierunt.</strong></span> 
     </span>
     <span class='ocr_line' id='line_1_11' title="bbox 188 1289 1175 1372; baseline 0.004 -20"><span class='ocrx_word' id='word_1_68' title='bbox 188 1293 315 1353; x_wconf 92' lang='lat' dir='ltr'><strong>centum</strong></span> <span class='ocrx_word' id='word_1_69' title='bbox 338 1294 445 1352; x_wconf 88' lang='lat' dir='ltr'><strong>errant</strong></span> <span class='ocrx_word' id='word_1_70' title='bbox 469 1312 569 1354; x_wconf 90' lang='lat' dir='ltr'><strong>annos</strong></span> <span class='ocrx_word' id='word_1_71' title='bbox 592 1290 795 1372; x_wconf 82' lang='lat' dir='ltr'><strong>volitantque</strong></span> <span class='ocrx_word' id='word_1_72' title='bbox 817 1289 895 1352; x_wconf 86' lang='lat' dir='ltr'><strong>haec</strong></span> <span class='ocrx_word' id='word_1_73' title='bbox 917 1290 1015 1353; x_wconf 86' lang='lat' dir='ltr'><strong>litora</strong></span> <span class='ocrx_word' id='word_1_74' title='bbox 1038 1291 1175 1356; x_wconf 89' lang='lat' dir='ltr'><strong>circum:</strong></span> 
     </span>
     <span class='ocr_line' id='line_1_12' title="bbox 188 1386 1202 1470; baseline 0.005 -22"><span class='ocrx_word' id='word_1_75' title='bbox 188 1390 258 1449; x_wconf 92' lang='lat' dir='ltr'><strong>tum</strong></span> <span class='ocrx_word' id='word_1_76' title='bbox 281 1386 407 1450; x_wconf 90' lang='lat' dir='ltr'><strong>demum</strong></span> <span class='ocrx_word' id='word_1_77' title='bbox 430 1387 561 1451; x_wconf 84' lang='lat' dir='ltr'><strong>admissi</strong></span> <span class='ocrx_word' id='word_1_78' title='bbox 585 1391 699 1470; x_wconf 86' lang='lat' dir='ltr'><strong>stagna</strong></span> <span class='ocrx_word' id='word_1_79' title='bbox 722 1389 874 1468; x_wconf 86' lang='lat' dir='ltr'><strong>exoptata</strong></span> <span class='ocrx_word' id='word_1_80' title='bbox 896 1386 1060 1451; x_wconf 66' lang='lat' dir='ltr'><strong>revisunt?</strong></span> <span class='ocrx_word' id='word_1_81' title='bbox 1146 1406 1202 1453; x_wconf 86' lang='grc'><strong>330</strong></span> 
     </span>
     <span class='ocr_line' id='line_1_13' title="bbox 188 1481 974 1568; baseline -0.003 -22"><span class='ocrx_word' id='word_1_82' title='bbox 188 1483 335 1547; x_wconf 88' lang='lat' dir='ltr'><strong>constitit</strong></span> <span class='ocrx_word' id='word_1_83' title='bbox 357 1482 498 1547; x_wconf 79' lang='lat' dir='ltr'><strong>Anchisa</strong></span> <span class='ocrx_word' id='word_1_84' title='bbox 522 1487 611 1547; x_wconf 87' lang='lat' dir='ltr'><strong>satus</strong></span> <span class='ocrx_word' id='word_1_85' title='bbox 635 1486 667 1546; x_wconf 92' lang='lat' dir='ltr'><strong>et</strong></span> <span class='ocrx_word' id='word_1_86' title='bbox 689 1481 825 1566; x_wconf 79' lang='lat' dir='ltr'><strong>vestigia</strong></span> <span class='ocrx_word' id='word_1_87' title='bbox 848 1482 974 1568; x_wconf 75' lang='lat' dir='ltr'><strong>pressit,</strong></span> 
     </span>
     <span class='ocr_line' id='line_1_14' title="bbox 188 1579 1139 1663; baseline 0.004 -22"><span class='ocrx_word' id='word_1_88' title='bbox 188 1580 291 1642; x_wconf 89' lang='lat' dir='ltr'><strong>multa</strong></span> <span class='ocrx_word' id='word_1_89' title='bbox 313 1584 430 1662; x_wconf 85' lang='lat' dir='ltr'><strong>putans</strong></span> <span class='ocrx_word' id='word_1_90' title='bbox 454 1584 635 1663; x_wconf 88' lang='lat' dir='ltr'><strong>sortemque</strong></span> <span class='ocrx_word' id='word_1_91' title='bbox 659 1579 765 1642; x_wconf 90' lang='lat' dir='ltr'><strong>animo</strong></span> <span class='ocrx_word' id='word_1_92' title='bbox 789 1579 959 1642; x_wconf 89' lang='lat' dir='ltr'><strong>miseratus</strong></span> <span class='ocrx_word' id='word_1_93' title='bbox 982 1579 1139 1663; x_wconf 88' lang='lat' dir='ltr'><strong>iniquam.</strong></span> 
     </span>
     <span class='ocr_line' id='line_1_15' title="bbox 189 1674 1016 1740; baseline 0.005 -4"><span class='ocrx_word' id='word_1_94' title='bbox 189 1674 291 1737; x_wconf 85' lang='lat' dir='ltr'><strong>cernit</strong></span> <span class='ocrx_word' id='word_1_95' title='bbox 313 1675 360 1738; x_wconf 89' lang='lat' dir='ltr'><strong>ibi</strong></span> <span class='ocrx_word' id='word_1_96' title='bbox 381 1680 520 1739; x_wconf 90' lang='lat' dir='ltr'><strong>maestos</strong></span> <span class='ocrx_word' id='word_1_97' title='bbox 543 1679 576 1738; x_wconf 91' lang='lat' dir='ltr'><strong>et</strong></span> <span class='ocrx_word' id='word_1_98' title='bbox 598 1676 713 1739; x_wconf 90' lang='lat' dir='ltr'><strong>mortis</strong></span> <span class='ocrx_word' id='word_1_99' title='bbox 735 1675 857 1739; x_wconf 91' lang='lat' dir='ltr'><strong>honore</strong></span> <span class='ocrx_word' id='word_1_100' title='bbox 880 1677 1016 1740; x_wconf 88' lang='lat' dir='ltr'><strong>carentis</strong></span> 
     </span>
     <span class='ocr_line' id='line_1_16' title="bbox 189 1770 1065 1857; baseline 0.002 -23"><span class='ocrx_word' id='word_1_101' title='bbox 189 1770 376 1854; x_wconf 86' lang='lat' dir='ltr'><strong>Leucaspim</strong></span> <span class='ocrx_word' id='word_1_102' title='bbox 399 1777 431 1835; x_wconf 92' lang='lat' dir='ltr'><strong>et</strong></span> <span class='ocrx_word' id='word_1_103' title='bbox 453 1771 568 1854; x_wconf 85' lang='lat' dir='ltr'><strong>Lyciae</strong></span> <span class='ocrx_word' id='word_1_104' title='bbox 591 1773 754 1836; x_wconf 91' lang='lat' dir='ltr'><strong>ductorem</strong></span> <span class='ocrx_word' id='word_1_105' title='bbox 777 1772 889 1836; x_wconf 89' lang='lat' dir='ltr'><strong>classis</strong></span> <span class='ocrx_word' id='word_1_106' title='bbox 913 1770 1065 1857; x_wconf 85' lang='lat' dir='ltr'><strong>Oronten,</strong></span> 
     </span>
     <span class='ocr_line' id='line_1_17' title="bbox 190 1868 1201 1952; baseline 0.008 -20"><span class='ocrx_word' id='word_1_107' title='bbox 190 1891 269 1952; x_wconf 89' lang='lat' dir='ltr'><strong>quos</strong></span> <span class='ocrx_word' id='word_1_108' title='bbox 294 1869 389 1932; x_wconf 90' lang='lat' dir='ltr'><strong>simul</strong></span> <span class='ocrx_word' id='word_1_109' title='bbox 412 1869 451 1933; x_wconf 87' lang='lat' dir='ltr'><strong>ab</strong></span> <span class='ocrx_word' id='word_1_110' title='bbox 475 1868 571 1932; x_wconf 86' lang='lat' dir='ltr'><strong>Troia</strong></span> <span class='ocrx_word' id='word_1_111' title='bbox 593 1873 727 1933; x_wconf 86' lang='lat' dir='ltr'><strong>ventosa</strong></span> <span class='ocrx_word' id='word_1_112' title='bbox 749 1891 805 1951; x_wconf 91' lang='lat' dir='ltr'><strong>per</strong></span> <span class='ocrx_word' id='word_1_113' title='bbox 829 1891 967 1952; x_wconf 90' lang='lat' dir='ltr'><strong>aequora</strong></span> <span class='ocrx_word' id='word_1_114' title='bbox 989 1874 1099 1935; x_wconf 87' lang='lat' dir='ltr'><strong>vectos</strong></span> <span class='ocrx_word' id='word_1_115' title='bbox 1146 1891 1201 1940; x_wconf 82' lang='lat'><strong>335</strong></span> 
     </span>
     <span class='ocr_line' id='line_1_18' title="bbox 190 1966 1113 2052; baseline 0.003 -22"><span class='ocrx_word' id='word_1_116' title='bbox 190 1966 297 2030; x_wconf 92' lang='lat' dir='ltr'><strong>obruit</strong></span> <span class='ocrx_word' id='word_1_117' title='bbox 321 1970 436 2052; x_wconf 90' lang='lat' dir='ltr'><strong>auster,</strong></span> <span class='ocrx_word' id='word_1_118' title='bbox 460 1989 542 2050; x_wconf 88' lang='lat' dir='ltr'><strong>aqua</strong></span> <span class='ocrx_word' id='word_1_119' title='bbox 565 1966 731 2030; x_wconf 89' lang='lat' dir='ltr'><strong>involvens</strong></span> <span class='ocrx_word' id='word_1_120' title='bbox 754 1988 931 2049; x_wconf 87' lang='lat' dir='ltr'><strong>navemque</strong></span> <span class='ocrx_word' id='word_1_121' title='bbox 953 1967 1113 2051; x_wconf 83' lang='lat' dir='ltr'><strong>virosque.</strong></span> 
     </span>
     <span class='ocr_line' id='line_1_19' title="bbox 231 2062 968 2147; baseline 0 -21"><span class='ocrx_word' id='word_1_122' title='bbox 231 2062 315 2126; x_wconf 81' lang='lat' dir='ltr'><strong>Ecce</strong></span> <span class='ocrx_word' id='word_1_123' title='bbox 337 2063 533 2147; x_wconf 83' lang='lat' dir='ltr'><strong>gnbemator</strong></span> <span class='ocrx_word' id='word_1_124' title='bbox 557 2084 625 2126; x_wconf 91' lang='grc'>3333</span> <span class='ocrx_word' id='word_1_125' title='bbox 648 2062 819 2125; x_wconf 88' lang='lat' dir='ltr'><strong>Palinurus</strong></span> <span class='ocrx_word' id='word_1_126' title='bbox 844 2063 968 2146; x_wconf 84' lang='lat' dir='ltr'><strong>agebat,</strong></span> 
     </span>
    </p>

    <p class='ocr_par' dir='ltr' id='par_1_3' title="bbox 187 2157 1285 3500">
     <span class='ocr_line' id='line_1_20' title="bbox 189 2157 1001 2246; baseline 0.001 -24"><span class='ocrx_word' id='word_1_127' title='bbox 189 2160 245 2243; x_wconf 92' lang='lat' dir='ltr'><strong>qui</strong></span> <span class='ocrx_word' id='word_1_128' title='bbox 267 2157 387 2241; x_wconf 85' lang='lat' dir='ltr'><strong>Libyco</strong></span> <span class='ocrx_word' id='word_1_129' title='bbox 410 2182 513 2243; x_wconf 89' lang='lat' dir='ltr'><strong>nuper</strong></span> <span class='ocrx_word' id='word_1_130' title='bbox 535 2181 640 2242; x_wconf 88' lang='lat' dir='ltr'><strong>cursu,</strong></span> <span class='ocrx_word' id='word_1_131' title='bbox 662 2159 738 2222; x_wconf 91' lang='lat' dir='ltr'><strong>dum</strong></span> <span class='ocrx_word' id='word_1_132' title='bbox 761 2159 864 2223; x_wconf 90' lang='lat' dir='ltr'><strong>sidera</strong></span> <span class='ocrx_word' id='word_1_133' title='bbox 887 2164 1001 2246; x_wconf 83' lang='lat' dir='ltr'><strong>servat,</strong></span> 
     </span>
     <span class='ocr_line' id='line_1_21' title="bbox 189 2256 926 2340; baseline 0 -20"><span class='ocrx_word' id='word_1_134' title='bbox 189 2257 346 2320; x_wconf 84' lang='lat' dir='ltr'><strong>exciderat</strong></span> <span class='ocrx_word' id='word_1_135' title='bbox 368 2257 468 2340; x_wconf 89' lang='lat' dir='ltr'><strong>puppi</strong></span> <span class='ocrx_word' id='word_1_136' title='bbox 491 2257 602 2320; x_wconf 87' lang='lat' dir='ltr'><strong>mediis</strong></span> <span class='ocrx_word' id='word_1_137' title='bbox 626 2256 744 2319; x_wconf 88' lang='lat' dir='ltr'><strong>effusus</strong></span> <span class='ocrx_word' id='word_1_138' title='bbox 768 2257 803 2319; x_wconf 91' lang='lat' dir='ltr'><strong>in</strong></span> <span class='ocrx_word' id='word_1_139' title='bbox 825 2257 926 2320; x_wconf 82' lang='lat' dir='ltr'><strong>undis</strong></span> 
     </span>
     <span class='ocr_line' id='line_1_22' title="bbox 188 2352 1199 2441; baseline 0.008 -25"><span class='ocrx_word' id='word_1_140' title='bbox 188 2353 273 2416; x_wconf 88' lang='lat' dir='ltr'><strong>huno</strong></span> <span class='ocrx_word' id='word_1_141' title='bbox 295 2352 351 2416; x_wconf 91' lang='lat' dir='ltr'><strong>ubi</strong></span> <span class='ocrx_word' id='word_1_142' title='bbox 373 2353 427 2416; x_wconf 84' lang='lat' dir='ltr'><strong>vix</strong></span> <span class='ocrx_word' id='word_1_143' title='bbox 449 2353 551 2416; x_wconf 89' lang='lat' dir='ltr'><strong>multa</strong></span> <span class='ocrx_word' id='word_1_144' title='bbox 574 2357 731 2416; x_wconf 88' lang='lat' dir='ltr'><strong>maestum</strong></span> <span class='ocrx_word' id='word_1_145' title='bbox 754 2353 904 2436; x_wconf 83' lang='lat' dir='ltr'><strong>cognovit</strong></span> <span class='ocrx_word' id='word_1_146' title='bbox 927 2354 962 2417; x_wconf 90' lang='lat' dir='ltr'><strong>in</strong></span> <span class='ocrx_word' id='word_1_147' title='bbox 983 2355 1109 2441; x_wconf 88' lang='lat' dir='ltr'><strong>umbra,</strong></span> <span class='ocrx_word' id='word_1_148' title='bbox 1145 2377 1199 2424; x_wconf 77' lang='lat'><strong>340</strong></span> 
     </span>
     <span class='ocr_line' id='line_1_23' title="bbox 189 2449 1071 2535; baseline 0.005 -23"><span class='ocrx_word' id='word_1_149' title='bbox 189 2451 235 2513; x_wconf 91' lang='lat' dir='ltr'><strong>sic</strong></span> <span class='ocrx_word' id='word_1_150' title='bbox 256 2449 345 2532; x_wconf 92' lang='lat' dir='ltr'><strong>prior</strong></span> <span class='ocrx_word' id='word_1_151' title='bbox 368 2449 563 2532; x_wconf 88' lang='lat' dir='ltr'><strong>adloquitur:</strong></span> <span class='ocrx_word' id='word_1_152' title='bbox 589 2450 671 2534; x_wconf 79' lang='lat' dir='ltr'><strong>‘quis</strong></span> <span class='ocrx_word' id='word_1_153' title='bbox 695 2453 736 2534; x_wconf 89' lang='lat' dir='ltr'><strong>te,</strong></span> <span class='ocrx_word' id='word_1_154' title='bbox 758 2449 917 2535; x_wconf 89' lang='lat' dir='ltr'><strong>Palinure,</strong></span> <span class='ocrx_word' id='word_1_155' title='bbox 940 2451 1071 2516; x_wconf 91' lang='lat' dir='ltr'><strong>deorum</strong></span> 
     </span>
     <span class='ocr_line' id='line_1_24' title="bbox 188 2546 1013 2630; baseline 0.004 -21"><span class='ocrx_word' id='word_1_156' title='bbox 188 2547 306 2630; x_wconf 87' lang='lat' dir='ltr'><strong>eripuit</strong></span> <span class='ocrx_word' id='word_1_157' title='bbox 328 2546 422 2609; x_wconf 88' lang='lat' dir='ltr'><strong>nobis</strong></span> <span class='ocrx_word' id='word_1_158' title='bbox 445 2546 610 2629; x_wconf 88' lang='lat' dir='ltr'><strong>medioque</strong></span> <span class='ocrx_word' id='word_1_159' title='bbox 635 2547 694 2610; x_wconf 89' lang='lat' dir='ltr'><strong>sub</strong></span> <span class='ocrx_word' id='word_1_160' title='bbox 718 2568 856 2629; x_wconf 91' lang='lat' dir='ltr'><strong>aequore</strong></span> <span class='ocrx_word' id='word_1_161' title='bbox 878 2549 1013 2612; x_wconf 81' lang='lat' dir='ltr'><strong>mersit?</strong></span> 
     </span>
     <span class='ocr_line' id='line_1_25' title="bbox 188 2643 1120 2735; baseline 0.006 -29"><span class='ocrx_word' id='word_1_162' title='bbox 188 2645 238 2708; x_wconf 91' lang='lat' dir='ltr'><strong>dic</strong></span> <span class='ocrx_word' id='word_1_163' title='bbox 261 2664 326 2728; x_wconf 79' lang='lat' dir='ltr'><strong>age.</strong></span> <span class='ocrx_word' id='word_1_164' title='bbox 371 2663 508 2725; x_wconf 85' lang='lat' dir='ltr'><strong>namquo</strong></span> <span class='ocrx_word' id='word_1_165' title='bbox 530 2643 619 2729; x_wconf 91' lang='lat' dir='ltr'><strong>mihi,</strong></span> <span class='ocrx_word' id='word_1_166' title='bbox 642 2644 739 2707; x_wconf 85' lang='lat' dir='ltr'><strong>fallax</strong></span> <span class='ocrx_word' id='word_1_167' title='bbox 762 2643 842 2708; x_wconf 86' lang='lat' dir='ltr'><strong>haut</strong></span> <span class='ocrx_word' id='word_1_168' title='bbox 866 2648 939 2708; x_wconf 89' lang='lat' dir='ltr'><strong>ante</strong></span> <span class='ocrx_word' id='word_1_169' title='bbox 962 2650 1120 2735; x_wconf 87' lang='lat' dir='ltr'><strong>repertus,</strong></span> 
     </span>
     <span class='ocr_line' id='line_1_26' title="bbox 187 2741 967 2826; baseline 0.003 -23"><span class='ocrx_word' id='word_1_170' title='bbox 187 2741 248 2804; x_wconf 91' lang='lat' dir='ltr'><strong>hoc</strong></span> <span class='ocrx_word' id='word_1_171' title='bbox 270 2761 334 2804; x_wconf 90' lang='lat' dir='ltr'><strong>uno</strong></span> <span class='ocrx_word' id='word_1_172' title='bbox 358 2762 510 2823; x_wconf 88' lang='lat' dir='ltr'><strong>responso</strong></span> <span class='ocrx_word' id='word_1_173' title='bbox 535 2741 677 2804; x_wconf 88' lang='lat' dir='ltr'><strong>animum</strong></span> <span class='ocrx_word' id='word_1_174' title='bbox 700 2741 817 2804; x_wconf 90' lang='lat' dir='ltr'><strong>delusit</strong></span> <span class='ocrx_word' id='word_1_175' title='bbox 839 2741 967 2826; x_wconf 81' lang='lat' dir='ltr'><strong>Apollo,</strong></span> 
     </span>
     <span class='ocr_line' id='line_1_27' title="bbox 189 2835 1197 2921; baseline 0.01 -23"><span class='ocrx_word' id='word_1_176' title='bbox 189 2836 244 2918; x_wconf 90' lang='lat' dir='ltr'><strong>qui</strong></span> <span class='ocrx_word' id='word_1_177' title='bbox 265 2835 334 2898; x_wconf 86' lang='lat' dir='ltr'><strong>fore</strong></span> <span class='ocrx_word' id='word_1_178' title='bbox 356 2838 389 2898; x_wconf 89' lang='lat' dir='ltr'><strong>te</strong></span> <span class='ocrx_word' id='word_1_179' title='bbox 411 2839 511 2918; x_wconf 88' lang='lat' dir='ltr'><strong>ponto</strong></span> <span class='ocrx_word' id='word_1_180' title='bbox 536 2835 727 2900; x_wconf 88' lang='lat' dir='ltr'><strong>incolumem</strong></span> <span class='ocrx_word' id='word_1_181' title='bbox 749 2837 886 2921; x_wconf 90' lang='lat' dir='ltr'><strong>finisque</strong></span> <span class='ocrx_word' id='word_1_182' title='bbox 909 2839 1042 2904; x_wconf 87' lang='lat' dir='ltr'><strong>canebat</strong></span> <span class='ocrx_word' id='word_1_183' title='bbox 1145 2861 1197 2908; x_wconf 78' lang='grc'><strong>343</strong></span> 
     </span>
     <span class='ocr_line' id='line_1_28' title="bbox 188 2929 1285 3016; baseline 0.008 -22"><span class='ocrx_word' id='word_1_184' title='bbox 188 2937 357 2995; x_wconf 87' lang='lat' dir='ltr'><strong>venturum</strong></span> <span class='ocrx_word' id='word_1_185' title='bbox 379 2929 550 2996; x_wconf 91' lang='lat' dir='ltr'><strong>Ausonios.</strong></span> <span class='ocrx_word' id='word_1_186' title='bbox 597 2954 638 2995; x_wconf 89' lang='lat' dir='ltr'><strong>en</strong></span> <span class='ocrx_word' id='word_1_187' title='bbox 659 2932 736 2996; x_wconf 88' lang='lat' dir='ltr'><strong>haec</strong></span> <span class='ocrx_word' id='word_1_188' title='bbox 759 2936 917 3016; x_wconf 88' lang='lat' dir='ltr'><strong>promissa</strong></span> <span class='ocrx_word' id='word_1_189' title='bbox 939 2936 1017 3000; x_wconf 92' lang='lat' dir='ltr'><strong>fides</strong></span> <span class='ocrx_word' id='word_1_190' title='bbox 1041 2939 1126 3002; x_wconf 75' lang='lat' dir='ltr'><strong>est‘l&#39;</strong></span> <span class='ocrx_word' id='word_1_191' title='bbox 1284 2929 1285 2940; x_wconf 40' lang='lat'>¹</span> 
     </span>
     <span class='ocr_line' id='line_1_29' title="bbox 188 3028 1013 3116; baseline 0.004 -25"><span class='ocrx_word' id='word_1_192' title='bbox 188 3029 242 3091; x_wconf 89' lang='lat' dir='ltr'><strong>ille</strong></span> <span class='ocrx_word' id='word_1_193' title='bbox 265 3034 384 3092; x_wconf 89' lang='lat' dir='ltr'><strong>autem:</strong></span> <span class='ocrx_word' id='word_1_194' title='bbox 409 3029 523 3112; x_wconf 75' lang='lat' dir='ltr'><strong>‘neque</strong></span> <span class='ocrx_word' id='word_1_195' title='bbox 545 3033 577 3092; x_wconf 87' lang='lat' dir='ltr'><strong>te</strong></span> <span class='ocrx_word' id='word_1_196' title='bbox 600 3028 722 3093; x_wconf 90' lang='lat' dir='ltr'><strong>Phoebi</strong></span> <span class='ocrx_word' id='word_1_197' title='bbox 745 3031 868 3094; x_wconf 89' lang='lat' dir='ltr'><strong>cortina</strong></span> <span class='ocrx_word' id='word_1_198' title='bbox 890 3031 1013 3116; x_wconf 88' lang='lat' dir='ltr'><strong>fefellit,</strong></span> 
     </span>
     <span class='ocr_line' id='line_1_30' title="bbox 187 3125 1029 3210; baseline 0.005 -22"><span class='ocrx_word' id='word_1_199' title='bbox 187 3126 251 3189; x_wconf 89' lang='lat' dir='ltr'><strong>dux</strong></span> <span class='ocrx_word' id='word_1_200' title='bbox 274 3125 476 3210; x_wconf 84' lang='lat' dir='ltr'><strong>Anchisiade,</strong></span> <span class='ocrx_word' id='word_1_201' title='bbox 497 3148 556 3190; x_wconf 92' lang='lat' dir='ltr'><strong>nec</strong></span> <span class='ocrx_word' id='word_1_202' title='bbox 577 3147 628 3190; x_wconf 91' lang='lat' dir='ltr'><strong>me</strong></span> <span class='ocrx_word' id='word_1_203' title='bbox 651 3127 727 3190; x_wconf 86' lang='lat' dir='ltr'><strong>deus</strong></span> <span class='ocrx_word' id='word_1_204' title='bbox 752 3148 887 3209; x_wconf 90' lang='lat' dir='ltr'><strong>aequore</strong></span> <span class='ocrx_word' id='word_1_205' title='bbox 909 3129 1029 3193; x_wconf 89' lang='lat' dir='ltr'><strong>mersit.</strong></span> 
     </span>
     <span class='ocr_line' id='line_1_31' title="bbox 187 3222 1053 3309; baseline 0.003 -24"><span class='ocrx_word' id='word_1_206' title='bbox 187 3244 324 3305; x_wconf 88' lang='lat' dir='ltr'><strong>namque</strong></span> <span class='ocrx_word' id='word_1_207' title='bbox 347 3222 576 3306; x_wconf 86' lang='lat' dir='ltr'><strong>gubernaclum</strong></span> <span class='ocrx_word' id='word_1_208' title='bbox 598 3223 701 3286; x_wconf 90' lang='lat' dir='ltr'><strong>multa</strong></span> <span class='ocrx_word' id='word_1_209' title='bbox 723 3223 755 3286; x_wconf 82' lang='lat' dir='ltr'><strong>vi</strong></span> <span class='ocrx_word' id='word_1_210' title='bbox 777 3223 861 3287; x_wconf 83' lang='lat' dir='ltr'><strong>forte</strong></span> <span class='ocrx_word' id='word_1_211' title='bbox 884 3225 1053 3309; x_wconf 82' lang='lat' dir='ltr'><strong>revolsum,</strong></span> 
     </span>
     <span class='ocr_line' id='line_1_32' title="bbox 187 3305 1284 3407; baseline 0.008 -26"><span class='ocrx_word' id='word_1_212' title='bbox 187 3319 239 3382; x_wconf 91' lang='lat' dir='ltr'><strong>cui</strong></span> <span class='ocrx_word' id='word_1_213' title='bbox 261 3320 354 3382; x_wconf 89' lang='lat' dir='ltr'><strong>datus</strong></span> <span class='ocrx_word' id='word_1_214' title='bbox 376 3318 548 3383; x_wconf 86' lang='lat' dir='ltr'><strong>haerebam</strong></span> <span class='ocrx_word' id='word_1_215' title='bbox 570 3324 678 3383; x_wconf 90' lang='lat' dir='ltr'><strong>custos</strong></span> <span class='ocrx_word' id='word_1_216' title='bbox 702 3341 876 3403; x_wconf 87' lang='lat' dir='ltr'><strong>cursusque</strong></span> <span class='ocrx_word' id='word_1_217' title='bbox 899 3320 1056 3407; x_wconf 82' lang='lat' dir='ltr'><strong>regebam,</strong></span> <span class='ocrx_word' id='word_1_218' title='bbox 1145 3342 1198 3390; x_wconf 85' lang='lat'><strong>350</strong></span> <span class='ocrx_word' id='word_1_219' title='bbox 1283 3305 1284 3326; x_wconf 14' lang='grc' dir='ltr'><strong>Χ</strong></span> 
     </span>
     <span class='ocr_line' id='line_1_33' title="bbox 187 3416 1037 3500; baseline 0.005 -22"><span class='ocrx_word' id='word_1_220' title='bbox 187 3416 402 3497; x_wconf 88' lang='lat' dir='ltr'><strong>praecipitans</strong></span> <span class='ocrx_word' id='word_1_221' title='bbox 426 3417 511 3478; x_wconf 85' lang='lat' dir='ltr'><strong>traxi</strong></span> <span class='ocrx_word' id='word_1_222' title='bbox 533 3437 663 3479; x_wconf 89' lang='lat' dir='ltr'><strong>mecum.</strong></span> <span class='ocrx_word' id='word_1_223' title='bbox 710 3417 811 3479; x_wconf 90' lang='lat' dir='ltr'><strong>maria</strong></span> <span class='ocrx_word' id='word_1_224' title='bbox 833 3439 945 3500; x_wconf 88' lang='lat' dir='ltr'><strong>aspera</strong></span> <span class='ocrx_word' id='word_1_225' title='bbox 967 3417 1037 3482; x_wconf 90' lang='lat' dir='ltr'><strong>iuro</strong></span> 
     </span>
    </p>

    <p class='ocr_par' dir='ltr' id='par_1_4' title="bbox 146 3505 1005 3600">
     <span class='ocr_line' id='line_1_34' title="bbox 146 3505 1005 3600; baseline 0.005 -26"><span class='ocrx_word' id='word_1_226' title='bbox 146 3505 147 3513; x_wconf 40' lang='lat'>¹</span> <span class='ocrx_word' id='word_1_227' title='bbox 186 3533 253 3576; x_wconf 91' lang='lat' dir='ltr'><strong>non</strong></span> <span class='ocrx_word' id='word_1_228' title='bbox 275 3512 378 3576; x_wconf 91' lang='lat' dir='ltr'><strong>ullum</strong></span> <span class='ocrx_word' id='word_1_229' title='bbox 400 3532 458 3594; x_wconf 88' lang='lat' dir='ltr'><strong>pro</strong></span> <span class='ocrx_word' id='word_1_230' title='bbox 482 3533 532 3576; x_wconf 94' lang='lat' dir='ltr'><strong>me</strong></span> <span class='ocrx_word' id='word_1_231' title='bbox 555 3515 681 3574; x_wconf 90' lang='lat' dir='ltr'><strong>tantum</strong></span> <span class='ocrx_word' id='word_1_232' title='bbox 705 3513 825 3594; x_wconf 90' lang='lat' dir='ltr'><strong>cepisse</strong></span> <span class='ocrx_word' id='word_1_233' title='bbox 848 3513 1005 3600; x_wconf 88' lang='lat' dir='ltr'><strong>timorem,</strong></span> 
     </span>
    </p>
   </div>
   <div class='ocr_carea' id='block_1_3' title="bbox 0 0 1292 3970">
    <p class='ocr_par' dir='ltr' id='par_1_5' title="bbox 0 0 1292 3970">
     <span class='ocr_line' id='line_1_35' title="bbox 0 0 1292 3970; baseline 0 0"><span class='ocrx_word' id='word_1_234' title='bbox 0 0 1292 3970; x_wconf 95' lang='lat' dir='ltr'><strong> </strong></span> 
     </span>
    </p>
   </div>
  </div>
 </body>
</html>
