2552 3958
371 259 520 314 VERGILI
538 259 679 315 ECLOGA
698 261 724 314 Π

12 397 22 500 l
59 441 110 482 nec
130 440 253 504 gemere
277 420 363 484 adria
386 420 655 486 cessabit'turtur
678 422 718 485 ab
741 422 836 485 ulma.

12 571 13 578 1
63 518 90 580 Τ.
115 516 197 580 Ante
219 517 306 580 leves
331 539 406 602 ergo
430 522 601 601 pascentur
623 519 658 582 in
680 539 817 601 aequore
839 517 936 600 cervi,

61 618 86 676 et
106 615 183 676 freta
206 614 384 677 destituent
406 615 509 678 nudos
532 615 568 678 in
589 615 685 678 litore
706 615 824 698 pisces3
1021 629 1054 676 60

61 715 123 772 ante
143 711 317 793 pererratis
341 711 508 775 amborum
529 712 649 776 finibus
672 713 747 776 exul

61 811 107 870 aut
127 807 254 870 Ararim
276 806 416 871 Parthus
439 807 530 871 bibet
553 813 608 872 aut
632 807 802 872 Germania
825 807 962 892 Tigrim,

63 925 144 986 quam
164 907 279 967 nostro
302 903 390 967 illius
413 904 542 968 labatur
564 909 692 989 pectore
714 905 830 970 voltus.

63 1001 101 1064 M.
125 1000 169 1064 At
188 1023 250 1065 nos
274 1000 349 1064 hinc
372 1001 428 1064 alii
451 1002 590 1066 sitientis
614 1003 731 1066 ibimus
754 1002 867 1087 Almo,

61 1121 123 1181 pars
145 1096 310 1180 Scythiam
333 1102 366 1160 εὴ
388 1098 535 1182 rapidum
557 1105 660 1163 cretae
682 1100 845 1164 veniemus
870 1097 979 1162 Oaxen
1020 1114 1052 1163 65

12 1271 13 1284 ,
62 1199 87 1258 et
106 1195 229 1278 penitus
253 1199 324 1258 toto
348 1196 468 1260 divisos
492 1197 568 1260 orbe
591 1195 773 1261 Britannos,

62 1314 261 1375 enumquam
284 1293 407 1375 patrios
430 1294 528 1376 longo
551 1298 626 1377 post
648 1297 792 1374 tompore
813 1292 887 1355 finis

61 1390 196 1473 pauperis
221 1393 254 1452 et
277 1390 388 1472 tuguri
410 1395 597 1474 congestum
620 1391 758 1472 caespite
781 1390 906 1452 culmen

61 1491 124 1569 post
146 1487 270 1569 aliquot
293 1508 363 1550 mea
386 1507 484 1570 regna
506 1487 616 1550 videns
638 1486 781 1550 mirabor
803 1484 942 1548 aristas?

61 1585 164 1667 impius
186 1583 265 1647 haec
287 1587 356 1646 tarn
378 1584 465 1646 culta
486 1583 615 1647 noraha
636 1584 727 1646 miles
750 1582 896 1668 habebit,
1019 1571 1052 1646 ro

12 1691 13 1764 g
62 1682 201 1744 barbarus
224 1680 283 1743 has
307 1683 445 1764 segetes:
469 1701 509 1742 en
532 1701 595 1763 quo
619 1680 775 1744 discordia
798 1679 875 1743 civis
953 1703 954 1706 ¹

12 1767 13 1830 ἶ
59 1778 197 1860 produxit
219 1777 371 1860 miseros,
393 1775 445 1839 his
468 1797 528 1840 nos
552 1777 751 1841 consevimus
774 1779 883 1861 agros!

58 1876 148 1938 insere
169 1895 268 1958 nunc,
290 1872 462 1958 Meliboee,
484 1874 586 1958 piros,
608 1897 691 1958 pone
715 1875 824 1938 ordine
846 1874 936 1937 vites.

58 1972 96 2034 ite
115 1993 200 2035 meae
224 1969 387 2053 quondam
408 1969 486 2032 felix
509 1992 619 2055 pecus,
641 1971 686 2033 ite
709 1971 854 2052 capellae.

57 2090 114 2132 non
134 2089 191 2154 ego
214 2089 273 2132 vos
296 2065 432 2151 posthac
454 2067 550 2130 viridi
572 2068 733 2150 proiectus
756 2068 791 2130 in
814 2071 907 2130 antro
1018 2085 1051 2134 rs

13 2191 14 2206 ¹
58 2165 178 2229 dumosa
199 2163 337 2248 pendere
359 2163 473 2245 procul
494 2164 532 2226 de
555 2186 633 2247 rupe
655 2163 782 2247 videb03

58 2263 186 2325 carmina
208 2261 299 2324 nulla
322 2281 447 2344 canam3
469 2282 535 2324 non
557 2283 608 2324 me
629 2264 792 2346 pascente,
815 2261 966 2346 capellae,

58 2357 213 2422 florentem
237 2357 377 2440 cytisum
399 2361 432 2421 et
455 2358 566 2420 salices
590 2358 727 2440 carpetis
750 2380 881 2422 amaras.

14 2525 15 2529 ,
59 2455 86 2517 Τ.
110 2453 169 2518 Hic
187 2458 297 2518 tamen
314 2453 397 2517 hanc
419 2475 542 2518 mecum
560 2458 688 2537 poteras
712 2457 907 2539 requiescere
924 2459 1050 2520 noctem

14 2550 1157 2638 'mwfflwmmm,mm

14 2635 15 2648 ¹
58 2653 209 2714 castaneae
231 2648 345 2712 molles
370 2651 402 2711 et
424 2649 527 2732 pressi
551 2649 641 2731 copia
663 2649 765 2713 lactis.

58 2748 83 2806 et
101 2745 162 2808 iam
185 2767 310 2808 sumina
332 2745 445 2828 procul
466 2745 616 2808 villarum
639 2747 778 2810 culmina
800 2747 938 2834 fumant,

58 2842 244 2926 maioresque
267 2840 384 2904 cadunt
408 2841 482 2904 altis
506 2841 543 2904 de
566 2843 730 2906 montibus
753 2843 892 2908 umbrae.
961 2918 991 2939 „,
1050 2913 1071 2929 .„

441 3038 653 3046 -.——.

523 3189 569 3270 Il

60 3323 254 3392 Formonsum
276 3332 388 3412 pastor
411 3325 561 3411 Corydon
584 3329 714 3398 ardebat
736 3330 879 3416 Alexim,

59 3422 169 3490 delicias
192 3425 328 3508 domini3
351 3446 409 3488 nec
433 3425 510 3508 quid
533 3432 674 3509 speraret
696 3427 844 3492 habebat.

59 3523 167 3586 butum
189 3523 275 3586 inter
298 3521 410 3585 densas
434 3523 586 3587 umbrosa
608 3525 771 3588 cacumina
793 3526 885 3610 fagos

853 3633 866 3680 1
875 3630 888 3654 ἡ
