2612 3964
198 224 260 288 132
526 226 675 281 VERGILI
693 227 824 282 AENEIS
842 227 869 282 Il

195 390 359 469 expectae
307 390 359 450 aet
381 388 493 451 venis?
516 392 553 451 ut
575 393 608 452 te
630 392 706 471 post
692 389 831 453 ttmula
797 393 985 453 ttuorum

194 483 320 568 ιἰιιιιιι,
342 488 417 568 post
439 485 546 548 varios
569 485 800 569 hominumque
822 487 976 571 urbisque
998 487 1128 552 labores

196 580 310 644 defessi
334 581 530 664 aspicimus?
555 604 636 666 quae
659 604 754 646 causa
777 583 909 668 indigna
932 605 1062 649 serenos
1155 602 1209 650 285

195 677 335 741 foedavit
358 679 488 742 voltus?
512 683 568 743 aut
591 701 647 743 cur
670 679 749 743 haee
770 679 902 743 volnera
925 680 1053 744 cernet’

195 774 250 838 ille
272 774 371 859 nihil,
392 781 450 839 nec
472 796 523 838 me
547 780 751 858 quaerentem
773 797 856 840 vana
877 782 1036 862 moratur,

197 871 251 935 sed
274 872 415 956 graviter
439 873 577 956 gemitus
601 873 666 936 imo
690 874 878 956 depectere
901 874 1018 937 ducens

197 968 271 1032 ‘heu
293 969 382 1053 fuge,
404 973 479 1032 nate
502 969 559 1032 dea
564 972 690 1079 teque
712 969 776 1034 his'
800 970 846 1034 ιιι
870 971 968 1054 ‘eripe
991 965 1139 1036 flammis.

195 1065 300 1129 hostis
322 1065 421 1129 habet
407 1069 567 1152 t‚muros
590 1067 656 1129 ruit
642 1067 745 1130 talto
770 1090 788 1131 a
811 1067 947 1131 culmine
970 1068 1075 1132 Troia.
1156 1087 1209 1135 cao
1294 1059 1295 1090 ³

197 1164 247 1224 sat
268 1162 392 1245 patriae
414 1161 606 1246 Priamoque
629 1164 739 1227 datum
685 1164 804 1227 um:si
826 1162 983 1249 Pergama
1005 1165 1119 1230 dextra

197 1259 321 1323 defendi
343 1264 490 1346 possent
514 1261 611 1323 etiam
632 1259 693 1324 hac
716 1261 844 1324 defensa
866 1261 1012 1326 fuissent

197 1378 286 1421 sacre
309 1378 449 1440 suosque
471 1357 533 1421 tibi
556 1357 756 1422 commendat
779 1358 875 1422 Troia
898 1359 1038 1442 penatis:

196 1452 256 1516 hos
280 1475 356 1536 cepe
379 1454 519 1518 fatorum
542 1455 688 1540 comites,
710 1454 762 1518 his
784 1455 911 1520 moenia
934 1478 1063 1542 quaere,

196 1569 313 1708 magna
335 1554 497 1633 pererrato
479 1555 587 1614 ostat
589 1573 644 1614 ues
668 1573 750 1635 quae
772 1552 908 1636 denique
931 1554 1054 1636 ponto'
1105 1591 1108 1596 ·
1157 1575 1210 1623 ιιι

198 1645 244 1708 sic
266 1646 326 1732 ait,
348 1647 551 1710 etmanibus
574 1648 637 1711 vitt
639 1671 673 1722 as
696 1647 777 1713 Vest
764 1653 892 1733 tamque
915 1672 957 1734 po
959 1654 1081 1715 tentem

198 1747 424 1828 aeternumque
448 1745 533 1827 adyt
525 1767 552 1808 is
510 1744 666 1810 teffert
690 1747 940 1830 penetralibus
931 1768 1047 1831 1gnem.

241 1839 450 1905 Diversot
400 1843 450 1904 mt
451 1863 522 1904 crea
544 1841 718 1906 miscentur
740 1843 866 1907 moenia
888 1843 993 1928 luctu,

198 1941 229 2002 et
252 1939 355 2023 magis
379 1942 475 2022 etque
498 1939 616 2025 magis,
639 1962 832 2024 quamquam
856 1944 976 2005 secreta
998 1944 1145 2024 parentis

197 2033 356 2100 Anchisae
380 2035 492 2099 domus
516 2036 748 2121 arboribusque
772 2037 900 2100 obtecta
922 2038 1068 2124 recessit,
1157 2058 1211 2107 300

198 2133 375 2197 clarescunt
399 2132 525 2196 sonitus
549 2155 772 2217 armorumque
795 2133 919 2218 ingruit
940 2132 1064 2199 horror.

198 2229 341 2293 excutior
365 2251 477 2294 somno
501 2234 533 2294 et
557 2230 672 2294 summi
694 2230 826 2314 fastigia
849 2230 926 2294 tecti

198 2349 330 2391 escensu
353 2348 468 2409 supero
493 2331 589 2410 atque
612 2327 743 2391 arrectis
767 2327 898 2390 auribus
922 2331 1007 2392 esto:

198 2425 232 2488 in
255 2427 394 2509 segetem
417 2423 518 2488 veluti
541 2445 613 2488 eum
636 2424 764 2487 flamma
786 2423 967 2487 furentibus
991 2427 1112 2490 austris

197 2522 322 2607 incidit,
346 2525 402 2584 aut
424 2521 554 2604 rapidus
577 2525 730 2585 montano
754 2520 885 2585 flumine
907 2525 1034 2586 torrens
1158 2543 1210 2591 uos

198 2619 313 2683 sternit
337 2639 450 2704 agros,
474 2618 589 2681 sternit
613 2622 683 2680 sata
705 2618 790 2682 ιιιιι
812 2619 992 2701 bovemque
1015 2620 1147 2686 labores

197 2715 451 2800 praecipitesque
473 2714 575 2778 trahit
598 2715 708 2798 silvas3
732 2718 841 2798 stupet
863 2715 983 2778 inscius
1007 2716 1073 2780 alto

198 2813 354 2895 accipiens
379 2813 522 2876 sonitum
545 2812 614 2877 saxi
637 2811 675 2875 de
697 2813 815 2875 vertice
837 2815 956 2895 pastor.

197 2913 268 2973 tum
289 2931 365 2974 vero
387 2910 557 2974 manifesta
579 2909 672 2993 fides,
693 2907 904 2993 Danaumque
926 2913 1098 2992 patescunt

197 3007 339 3070 insidiae.
384 3007 449 3070 iarn
471 3005 633 3090 Deiphobi
656 3007 742 3069 dedit
766 3007 871 3090 ample
893 2997 1020 3070 ruinam
1158 3028 1213 3074 310

197 3102 340 3168 Volcano
366 3107 570 3187 eesuperante
593 3104 720 3189 domus,
742 3104 807 3167 iem
829 3104 994 3187 proximus
1019 3106 1111 3170 ardet

197 3200 374 3286 Ucalegon,
398 3199 493 3285 Sigea
515 3201 584 3285 igni
607 3200 690 3263 freta
713 3201 780 3263 lata
801 3201 951 3264 relucent.
1017 3271 1020 3277 ,

197 3299 340 3363 exoritur
363 3299 545 3381 clamorque
567 3297 673 3361 virum
695 3298 889 3380 clangorque
912 3296 1072 3362 tubarum.

197 3419 284 3461 arma
308 3419 416 3460 amens
440 3396 546 3480 capi03
568 3417 626 3458 nec
650 3398 699 3458 sat
723 3395 858 3458 rationis
881 3395 917 3458 in
939 3394 1053 3480 armis,

199 3493 252 3560 sed
271 3494 448 3577 glomerare
466 3514 596 3556 manum
614 3491 700 3555 bello
720 3495 751 3554 et
770 3512 957 3556 concurrere
975 3491 1011 3556 in
1029 3515 1136 3558 arcem
1160 3511 1213 3560 315
