2612 3964
220 279 283 342 188
539 277 689 332 VERGILI
710 278 839 332 AENEIS
857 278 909 332 1111

217 460 259 502 an
280 438 387 522 Tyriis
411 439 561 523 omnique
584 461 682 503 manu
705 439 825 522 stipata
847 461 993 504 meorum

216 534 335 598 inferar
358 538 390 598 et
413 557 494 619 quos
519 533 650 600 Sidonia
672 535 727 599 vix
750 535 830 599 urbe
853 537 965 600 revelli
1181 553 1237 602 545

216 653 328 694 rursus
352 652 445 716 agam
467 631 581 716 pelago
606 635 638 695 55
661 633 767 696 555515
790 633 866 697 dare
888 633 959 698 vela
981 633 1124 698 iubebo?

218 727 297 810 quin
309 750 442 812 morere,
459 732 496 792 ut
510 728 625 792 merita
640 749 683 814 55,
702 729 852 812 ferroque
866 733 973 794 555555
988 730 1139 794 dolorem.
1182 746 1237 794 547

216 844 284 887 non
305 823 397 888 licuit
419 825 554 888 thalami
577 828 740 907 expertem
763 825 831 889 sine
855 826 986 890 crimine
1008 827 1112 891 vitam
1182 843 1238 890 550

218 921 331 1005 degere
353 943 441 986 more
463 923 549 986 ferae
571 921 647 986 talis
670 943 729 986 nec
751 925 883 1006 tangere
905 943 1017 1007 curas3

217 1038 284 1081 non
306 1021 432 1081 servata
454 1017 532 1082 fides
557 1017 656 1081 cineri
679 1019 838 1101 promissa
862 1016 1027 1103 Sychaeo?

218 1118 328 1178 tantos
351 1115 408 1178 1115
431 1136 488 1178 555
512 1115 683 1198 rumpebat
706 1118 835 1198 pectore
859 1121 999 1200 questus.

263 1210 387 1275 Aeneas
410 1211 495 1276 55155
516 1212 552 1276 15
573 1212 684 1296 puppi,
706 1212 771 1275 ianr
794 1215 899 1276 certus
923 1213 1031 1300 eundi,

220 1309 371 1391 carpebat
394 1330 523 1372 somnos
546 1309 642 1372 rebus
666 1309 731 1372 iam
752 1308 815 1372 rite
838 1309 968 1392 paratis.
1183 1326 1237 1374 555

220 1404 295 1468 huic
318 1427 351 1469 55
374 1406 477 1468 forma
500 1404 551 1468 dei
573 1405 665 1469 voltu
687 1405 851 1470 redeuntis
874 1405 986 1470 eodem

222 1502 341 1566 obtulit
363 1502 399 1565 in
421 1502 542 1564 somnis
565 1523 742 1585 rursusque
765 1501 813 1565 ita
835 1501 905 1566 5155
926 1507 1100 1588 55555555,

222 1598 328 1663 omnia
350 1597 508 1662 Mercurio
532 1598 657 1684 similis,
679 1619 852 1682 vocemque
875 1599 1079 1684 coloremque

222 1701 254 1760 55
277 1695 373 1759 551515
396 1694 497 1760 flavos
521 1700 553 1760 et
576 1695 720 1759 membra
743 1696 855 1759 decora
878 1697 1040 1760 iuventae:

222 1794 309 1856 ‘nate
330 1792 398 1878 dea,
419 1795 512 1876 potes
534 1792 596 1857 hoc
619 1792 680 1856 sub
704 1813 779 1857 5555
802 1793 915 1858 ducere
939 1814 1081 1880 somnos,
1182 1813 1238 1861 555
1303 1823 1304 1826 “

179 1923 181 1927 ·
221 1912 279 1955 555
302 1911 383 1973 quae
404 1893 438 1954 55
460 1890 580 1954 circum
602 1892 689 1953 stent
712 1889 823 1953 deinde
845 1889 987 1973 pericula
1009 1892 1123 1977 cernis,

222 1988 360 2072 demens,
381 2007 440 2050 nec
462 1985 618 2070 zephyros
642 1985 732 2049 audis
756 1987 878 2069 spirare
902 1987 1079 2052 secundos?

222 2086 279 2149 1115
301 2084 392 2148 dolos
415 2083 582 2166 dirumque
604 2085 694 2147 nefas
717 2084 753 2147 in
773 2087 903 2167 pectore
925 2087 1044 2170 versat,

223 2186 309 2247 55555
330 2181 424 2266 mori,
445 2180 615 2263 variosque
638 2180 760 2244 irarum
782 2181 922 2246 concitat
945 2183 1062 2245 aestus.

221 2301 289 2344 non
301 2277 388 2362 fugis
401 2277 477 2340 hinc
490 2297 651 2360 praecepa,
665 2277 742 2341 dum
755 2277 966 2361 praecipitare
979 2279 1147 2360 potestas?
1182 2299 1237 2346 555

221 2377 287 2440 iam
308 2397 396 2439 mare
417 2372 543 2437 turbari
565 2373 712 2438 trabibus
736 2396 910 2458 saevasque
932 2373 1056 2438 videbis
1301 2369 1302 2412 1

222 2472 387 2537 conlucere
410 2471 505 2554 faces,
526 2469 591 2532 iam
613 2470 736 2535 fervere
759 2472 857 2537 115555
879 2471 1029 2557 flammis,

223 2570 251 2633 51
273 2574 306 2634 55
328 2568 380 2631 his
404 2566 550 2651 attigerit
572 2567 668 2631 terris
691 2566 820 2632 Aurora
842 2570 1049 2632 5555555555·

221 2667 294 2729 heia
317 2685 655 2750 age,rumpe1noras.
702 2666 827 2729 varium
850 2668 883 2727 55
905 2663 1061 2727 mutabile
1087 2686 1214 2748 semper

222 2762 361 2827 femina?
407 2760 452 2824 sic
473 2759 560 2823 fatus
582 2760 671 2824 55551
695 2781 729 2824 55
752 2760 927 2824 immiscuit
951 2764 1047 2824 55555.
1181 2780 1237 2827 555

267 2859 349 2924 Tum
371 2879 447 2922 vero
469 2855 594 2920 Aeneas
619 2856 738 2921 subibis
761 2857 934 2922 exterritus
957 2857 1082 2921 umbris

222 2955 355 3038 corripit
378 2976 396 3018 5
420 2973 532 3017 somno
556 2974 673 3038 corpus
697 2955 864 3037 sociosque
886 2954 1021 3038 fati'gat:

223 3051 424 3135 ‘praecipites
447 3050 590 3136 vigilate,
611 3051 683 3136 5151,
706 3055 738 3116 55
761 3051 917 3116 considite
939 3051 1107 3135 transtris3

223 3148 338 3212 solvite
362 3147 432 3210 vela
454 3147 518 3210 citi.
565 3148 643 3212 deus
667 3147 796 3212 aethere
818 3147 936 3210 missus
960 3146 1000 3210 ab
1025 3147 1092 3210 5155
1298 3145 1299 3240 1

222 3244 375 3308 festinare
397 3244 508 3328 fugam
531 3247 702 3328 tortosque
725 3243 864 3307 incidere
887 3243 974 3307 funis
1182 3261 1234 3310 555

223 3362 293 3406 5555
315 3341 433 3405 iterum
457 3340 612 3405 stimulat.
658 3341 822 3424 sequimur
845 3345 887 3426 55,
911 3344 1019 3405 555555
1042 3342 1180 3425 deorum,

224 3437 371 3521 quisquis
395 3459 438 3521 55,
461 3436 660 3519 imperioque
682 3436 800 3500 iterum
823 3459 971 3519 paremus
996 3443 1135 3502 5555555.

223 3534 308 3598 adsis
333 3554 352 3596 5
375 3532 584 3615 placidusque
606 3533 695 3596 iuves
720 3536 751 3596 et
775 3532 878 3596 sidera
901 3533 988 3597 caelo
