2530 3960
202 259 267 322 426
651 256 751 311 11111.

203 423 258 483 aut
282 441 393 482 crocus
418 418 540 482 alterna
564 418 759 501 coniungens
783 417 852 480 lilia
876 416 983 481 caltha

204 537 377 600 sparsaque
400 515 566 580 liminibus
590 513 684 578 floret
707 537 790 600 rosa,
812 535 897 578 nuno
920 534 990 599 age,
1014 514 1119 597 divae,

202 615 370 697 praecipue
393 616 505 677 nostro
528 633 614 676 nunc
637 611 797 694 adspirate
820 611 924 675 labori

203 716 299 795 atque
322 732 442 774 novum
465 713 593 773 aeterno
617 709 793 792 praetexite
815 707 937 772 honore
962 706 1127 772 volumen.
1173 725 1222 772 roo

248 805 330 871 Sunt
352 805 537 870 Pandioniis
560 805 683 870 vicinae
707 803 835 868 sedibus
859 803 955 868 urbes

202 901 339 966 Actaeos
363 903 447 966 inter
470 902 568 966 colles
592 904 623 964 et
643 901 775 965 candida
799 901 913 964 Thesei

202 1000 371 1083 purpureis
395 999 459 1063 late
482 998 618 1061 ridentia
640 998 738 1062 litora
761 996 900 1082 conchis,

204 1117 339 1179 quarum
360 1116 427 1159 non
449 1095 509 1157 ulli
531 1095 616 1158 fama
639 1094 807 1158 concedere
831 1095 927 1179 digna

204 1195 269 1256 stat
291 1191 431 1277 Megara,
453 1189 604 1254 Alcathoi
627 1191 788 1272 quondam
810 1192 935 1256 munita
957 1192 1082 1279 labore,
1172 1213 1219 1260 105

203 1288 355 1353 Alcathoi
377 1287 575 1371 Phoebique:
599 1288 675 1351 deus
698 1309 835 1371 namque
859 1289 963 1352 adfuit
986 1290 1051 1373 illi3

203 1385 286 1448 unde
310 1385 407 1447 etiam
431 1383 571 1448 citharae
593 1406 687 1448 voces
709 1384 856 1449 imitatus
879 1390 991 1450 acutas

204 1503 297 1564 saepe
320 1481 403 1564 lapis
426 1485 570 1564 recrepat
594 1478 738 1563 Cyllenia
760 1503 892 1546 munera
913 1483 1030 1566 pulsus

205 1583 237 1642 et
259 1580 399 1641 veterem
421 1578 530 1641 sonitu
553 1576 675 1640 Phoebi
698 1582 837 1642 testatur
860 1601 1010 1645 amorem.

202 1674 285 1739 hanc
308 1675 420 1739 urbem
444 1678 518 1738 ante
541 1674 621 1738 alios
646 1675 701 1756 qui
724 1678 794 1740 tum
816 1676 955 1742 florebat
976 1678 1013 1742 in
1036 1682 1140 1746 armis
1171 1699 1216 1746 110

204 1773 321 1835 fecerat
344 1771 494 1836 infestam
516 1771 688 1855 populator
711 1772 830 1857 remige
853 1772 971 1858 Minos,

203 1869 345 1952 hospitio
370 1869 455 1951 quod
479 1889 512 1932 se
534 1866 608 1931 Nisi
631 1867 782 1951 Polyidos
806 1869 893 1934 avito

206 1963 412 2046 Carpathium
434 1963 561 2048 fugiens
586 1968 618 2028 at
640 1962 773 2028 flumina
797 1963 950 2031 Caeratea

204 2065 335 2125 texerat.
368 2061 453 2125 huno
477 2061 562 2124 bello
585 2065 732 2144 repetens
758 2060 935 2145 Gortynius
959 2064 1058 2130 heros

204 2157 314 2222 Attica
337 2157 470 2223 Cretaea
493 2158 657 2222 sternebat
680 2181 755 2222 rura
778 2159 905 2243 sagitta.
1169 2183 1212 2229 11⁵

205 2255 259 2318 sed
280 2275 384 2337 neque
406 2258 476 2317 tum
499 2254 583 2318 cives
606 2276 709 2337 neque
731 2259 802 2318 tum
825 2277 881 2318 rex
904 2256 975 2340 ipse
999 2264 1130 2324 veretur

203 2352 321 2415 infesto
345 2352 386 2415 ad
407 2373 517 2415 muros
540 2351 713 2415 volitantes
738 2352 862 2435 agmine
885 2356 1012 2418 turmas

203 2449 321 2512 reicere
344 2452 375 2512 et
398 2448 555 2511 indomita
577 2448 698 2512 virtute
720 2448 889 2512 retundere
912 2448 1064 2538 Martem,

203 2566 393 2628 responsum
416 2544 567 2628 quoniam
591 2545 669 2608 satis
694 2549 743 2610 est
765 2545 949 2610 meminisse
973 2547 1115 2614 deorum.

203 2664 277 2705 nam
300 2642 403 2724 capite
427 2664 445 2704 1
469 2663 592 2704 summo
617 2642 702 2725 regis
727 2641 887 2728 (mirabile
910 2643 1016 2731 dictu)
1168 2667 1212 2714 111

205 2740 336 2803 candida
360 2739 497 2804 caesarie
520 2739 712 2803 frondebant
734 2744 878 2823 tempora
901 2740 1005 2826 lauro,

205 2841 238 2899 at
260 2858 371 2900 roseus
395 2836 498 2900 medio
523 2836 676 2919 surgebat
699 2836 816 2900 vertice
840 2836 950 2921 orinis;

205 2932 294 2996 ouius
318 2955 415 3015 quam
439 2936 563 2994 servata
586 2932 640 2994 diu
663 2937 778 2996 natura
800 2933 923 3019 fuisset,

204 3033 271 3092 tam
293 3030 432 3112 patriam
455 3029 647 3092 incolumem
669 3027 742 3092 Nisi
765 3051 964 3114 regnumque
987 3033 1137 3100 futurum
1255 3059 1256 3070 ¹

205 3126 376 3189 concordes
401 3124 510 3188 stabili
532 3125 699 3190 firmarant
721 3128 851 3190 numine
874 3126 1003 3192 Parcae.
1172 3149 1212 3198 111

205 3243 281 3307 ergo
306 3222 410 3286 omnis
435 3243 507 3286 caro
531 3222 691 3286 residebat
715 3245 790 3288 cura
813 3223 939 3309 capill0,

205 3341 301 3383 aurea
325 3319 471 3382 sollemni
495 3321 658 3401 comptum
683 3341 778 3403 quem
800 3319 900 3384 fibula
922 3320 991 3384 ritu

206 3414 377 3497 Cecropiae
402 3418 434 3478 et
456 3416 550 3480 tereti
572 3415 744 3480 nectebant
767 3417 860 3481 dente
884 3417 1019 3483 cicadae.

249 3510 318 3575 Neo
341 3531 416 3574 vero
439 3510 516 3575 haec
539 3511 628 3575 urbis
652 3512 797 3578 custodia
819 3535 901 3576 vana
923 3514 1051 3604 fuisset,
