2514 3966
395 255 540 310 VERGILI
557 255 689 311 AENEIS
707 257 745 311 IX
1005 256 1069 320 321

75 421 102 482 01
121 417 254 482 citharae
276 416 365 482 cordi
387 439 601 503 numerosque
623 419 786 484 intendere
810 419 925 483 nervis.

74 517 199 600 [semper
220 536 321 598 equos
344 517 441 598 atque
465 537 553 579 arma
576 515 681 580 virum
699 535 887 599 pugnasque
911 513 1069 597 canebat]

112 613 243 676 Tandem
265 612 414 676 ductores
437 611 547 676 audita
565 612 658 678 caede
682 633 815 676 suorum

72 711 253 774 conveniunt
275 708 400 795 Teucri,
422 708 609 774 Mnestheus
634 729 767 793 acerque
790 706 946 793 Serestus,

71 807 263 890 palantisque
285 806 396 870 vident
420 806 524 870 socios
547 805 737 889 hostemque
760 809 932 889 receptum.
1020 821 1079 868 100-

71 907 102 967 01
118 903 298 968 111100111οη0
317 902 394 986 ‘quo
409 902 521 967 deinde
539 904 659 988 fugam,
677 924 740 987 quo
760 902 893 966 tenditis
902 900 931 966 'd’
954 901 1069 986 inquit.

72 1001 155 1084 ‘quos
177 1000 257 1064 alios
280 1020 405 1085 muros,
428 1021 510 1083 quae
532 999 597 1064 iam
621 1000 706 1064 ultra
727 999 854 1064 111οο1110
876 997 1025 1062 habetis?

70 1119 146 1161 unus
167 1097 262 1160 homo
286 1099 319 1160 et
342 1096 469 1181 vestris,
494 1118 512 1160 o
536 1096 630 1181 cives,
652 1097 792 1180 undique
816 1099 945 1180 saeptus

70 1194 232 1279 aggeribus
256 1197 364 1256 1011100
389 1197 514 1278 strages
537 1194 667 1278 impune
690 1215 747 1277 per
769 1193 882 1257 urbem

69 1290 215 1355 ediderit?
238 1290 391 1354 iuvenum
413 1290 536 1373 primos
559 1293 610 1354 tot
632 1289 757 1354 miserit
781 1288 887 1354 Orco?
971 1325 986 1371 0
1020 1305 1071 1354 180

70 1411 132 1452 11011
150 1387 286 1452 infelicis
310 1387 433 1470 patriae
455 1391 663 1471 veterumque
686 1386 818 1450 deorum

69 1490 100 1550 et
120 1485 225 1570 magni
248 1483 384 1569 Aeneae,
407 1503 530 1568 segnes,
553 1484 747 1567 miseretque
770 1481 963 1567 pudetque?

69 1583 183 1646 talibus
205 1581 329 1646 accensi
351 1581 521 1644 firmentur
544 1584 576 1644 et
599 1581 726 1665 agmine
749 1580 846 1645 denso

68 1680 251 1744 consistunt.
298 1675 425 1741 Turnus
449 1678 605 1761 paulatim
628 1677 776 1741 excedere
798 1697 908 1762 pugna

69 1781 99 1840 et
121 1775 251 1840 fluvium
274 1778 382 1858 petere
406 1796 442 1838 ac
464 1778 597 1860 partem,
620 1796 701 1858 quse
724 1775 864 1859 cingitur
887 1773 983 1858 unda,
1021 1789 1072 1838 100

70 1874 167 1938 acrius
189 1873 250 1936 hoc
273 1871 386 1935 Teucri
410 1872 547 1935 clamore
569 1871 752 1935 incumbere
774 1891 891 1956 magno

69 1975 99 2033 et
121 1971 295 2055 glomerare
317 1990 455 2033 munum.
501 1989 558 2032 ceu
581 1990 708 2032 saevom
731 1968 828 2032 turba
850 1969 975 2031 leonem

69 2089 137 2130 cunr
159 2066 231 2129 telis
254 2065 372 2148 premit
395 2065 539 2150 infensis,
562 2065 751 2128 atterritus
774 2064 838 2151 ille,

70 2187 168 2249 asper,
189 2162 304 2227 acerba
326 2166 430 2247 tuens,
453 2166 539 2226 retro
563 2161 655 2248 redit,
678 2165 710 2225 et
731 2183 835 2244 neque
857 2166 948 2246 terga

70 2263 114 2326 ire
136 2263 209 2325 dare
232 2263 288 2324 aut
311 2259 414 2322 virtus
437 2259 570 2344 patitur,
592 2279 650 2322 nec
672 2258 800 2321 tendere
824 2262 935 2322 contra
1022 2274 1074 2344 100

70 2359 120 2422 ille
143 2357 271 2441 quidem
293 2355 355 2419 hoc
377 2356 508 2439 cupiens
531 2355 618 2440 potis
645 2359 694 2420 est
717 2377 774 2438 per
797 2356 861 2419 tela
883 2354 1045 2438 virosque:

69 2455 144 2518 baut
167 2453 260 2517 aliter
283 2456 369 2516 retro
393 2452 509 2516 dubius
532 2453 670 2537 vestigia
693 2452 821 2515 Turnus

70 2551 270 2636 inproperata
293 2550 400 2634 refert,
423 2553 455 2613 et
477 2571 567 2614 mens
592 2553 757 2614 exaestuat
780 2550 835 2613 irs.

71 2647 264 2730 quinetiam
287 2646 337 2710 bis
360 2650 431 2710 tum
453 2646 574 2710 medios
598 2647 758 2710 invaserat
780 2647 894 2732 hostis,

72 2744 117 2808 bis
140 2744 272 2808 confusa
294 2744 372 2828 fuga
395 2765 451 2826 per
473 2766 582 2808 muros
607 2745 735 2829 agmina
758 2744 869 2828 vertit3
1022 2760 1075 2809 800

73 2843 122 2904 sed
143 2862 257 2905 munus
280 2862 297 2902 e
321 2840 435 2903 castris
458 2861 593 2924 propere
616 2841 681 2910 Ι0011
705 2841 808 2904 omnis
832 2841 866 2904 in
890 2863 998 2926 unum,

73 2959 126 3002 nec
146 2942 257 3003 contra
279 2936 364 3001 11100
388 2936 482 3000 audet
506 2935 657 3000 Saturnis
679 2937 759 3002 Iuno

74 3035 221 3120 sufficere,
243 3034 361 3098 stiriam
384 3034 469 3098 00010
492 3055 568 3097 nam
589 3034 735 3118 Iuppiter
757 3035 834 3098 Irim

74 3130 194 3197 demisit
217 3153 386 3216 germanae
408 3131 494 3195 haud
516 3131 628 3195 11101110
650 3131 738 3194 iussa
761 3131 924 3216 ferentem,

75 3227 105 3289 ui
126 3229 250 3292 Turnus
275 3227 364 3292 cedet
387 3227 582 3292 Teucrorum
604 3228 771 3292 moenibus
796 3229 879 3292 01110.
1024 3244 1077 3293 805

76 3343 145 3408 ergo
166 3348 223 3391 nec
246 3326 348 3408 clipeo
372 3325 496 3390 iuvenis
521 3326 694 3389 subsistere
718 3328 845 3388 tantum

76 3439 126 3484 nec
148 3424 257 3488 dextra
280 3423 378 3487 valet:
402 3423 527 3487 iniectis
552 3423 597 3486 sic
620 3422 759 3506 undique
782 3422 856 3486 telis

78 3515 222 3585 obruitur.
271 3520 386 3604 strepit
410 3519 541 3584 adsiduo
566 3543 641 3584 cava
664 3523 810 3602 tempore
834 3520 950 3583 circum

122 3630 237 3682 Rrssscn,
252 3633 340 3684 Vergil.
881 3627 913 3672 21
