2612 3964
425 216 574 272 VERGILI
592 217 726 272 AENEIS
745 218 796 272 1111
1052 218 1113 283 177

103 379 175 444 lucc
203 379 291 444 sedet
315 383 424 444 custos
448 382 504 445 aut
527 379 645 444 summi
668 379 804 444 culmine
827 381 905 445 tecti

103 476 252 540 turribus
277 480 333 540 aut
356 476 441 562 altis,
464 479 496 539 et
518 497 651 561 magnas
674 477 803 541 territat
825 477 931 561 urbes,

104 577 173 637 tam
195 573 266 637 fieti
289 575 443 657 pravique
466 577 562 637 tenax
586 595 682 656 quam
703 573 819 638 nuntia
840 574 915 638 veri.

102 671 184 735 haee
207 673 278 734 tum
301 670 474 754 multiplici
497 670 635 754 populos
659 691 805 735 sermone
827 670 971 752 replebat

103 766 250 852 gaudens
273 771 307 832 et
329 767 451 851 pariter
472 767 558 830 facta
581 771 678 850 atque
700 767 817 832 infecta
840 768 988 832 canebat:
1068 783 1119 833 190

104 865 232 929 venisse
255 862 389 928 Aenean
410 863 550 929 Troiano
574 865 731 949 sanguine
753 867 885 948 cretum,

103 961 158 1026 oui
181 983 216 1025 se
238 961 374 1044 pulchra
395 961 466 1026 viro
489 961 640 1046 dignetur
662 961 795 1044 iungere
816 957 915 1044 Did03

104 1080 192 1122 nunc
213 1057 353 1122 hiemem
375 1058 460 1122 inter
483 1079 517 1121 se
539 1056 628 1142 luxu,
650 1079 747 1141 quam
768 1057 875 1143 longa,
897 1058 1005 1122 fovere

105 1177 282 1241 regnorum
304 1155 505 1219 immemores
527 1153 680 1238 turpique
702 1153 850 1237 cupidine
872 1157 992 1237 captos.

103 1252 185 1316 haec
206 1250 330 1334 passim
353 1250 412 1314 dea
433 1249 526 1314 foeda
548 1250 656 1314 virum
678 1249 829 1314 diffundit
851 1250 887 1315 in
909 1273 972 1315 ora.
1070 1267 1119 1315 195

105 1348 258 1431 protinus
282 1347 322 1411 ad
344 1368 453 1432 regem
475 1367 588 1410 cursus
612 1348 781 1431 detorquet
803 1345 930 1434 Iarban,

104 1445 313 1528 incenditque
336 1445 479 1508 animum
501 1443 596 1506 dictis
620 1447 717 1528 atque
741 1447 874 1530 aggerat
891 1444 965 1508 iras.

151 1540 216 1604 Hic
238 1539 419 1605 Hammone
443 1544 532 1604 satus
555 1543 650 1622 rapta
673 1537 899 1604 Garamantide
921 1541 1064 1625 nympha

105 1639 230 1721 templa
252 1636 323 1702 Iovi
346 1642 475 1702 centum
496 1637 573 1701 latis
596 1637 749 1701 immania
771 1637 890 1722 regnis,

105 1740 239 1800 centum
262 1756 333 1798 aras
356 1735 467 1818 posuit
489 1733 684 1818 vigilemque
707 1738 886 1798 sacraverat
908 1735 1025 1820 ignem,
1069 1751 1121 1801 200

105 1832 261 1896 excubias
285 1831 393 1896 divom
415 1835 571 1916 aeternas,
592 1831 811 1914 pecudumque
834 1852 947 1896 cruore

105 1929 228 2015 pingue
252 1927 359 1992 solum
380 1931 413 1991 ct
435 1926 533 1990 variis
556 1925 705 1990 florentia
727 1927 840 1991 limina
862 1927 966 1994 sertis.

105 2028 201 2110 isque
224 2046 334 2089 amens
358 2024 457 2088 animi
479 2026 512 2086 et
533 2044 663 2088 rumore
687 2045 836 2088 accensus
860 2045 969 2088 amaro

104 2124 227 2188 dicitur
249 2125 325 2186 ante
348 2143 419 2186 aras
441 2119 546 2184 media
567 2119 654 2184 inter
676 2121 811 2185 numina
832 2119 941 2184 divom

106 2221 213 2286 multa
234 2218 345 2283 Iovem
365 2217 515 2282 manibus
538 2217 675 2300 supplex
698 2239 807 2281 orasse
829 2217 968 2300 supinis:
1070 2233 1123 2282 205

107 2317 269 2402 ‘Iuppiter
292 2316 507 2400 omnipotens,
528 2313 581 2379 oui
601 2335 687 2378 nunc
709 2313 876 2378 Maurusia
896 2313 994 2397 pictis

105 2437 190 2502 gens
213 2413 343 2497 epulata
365 2413 447 2477 toris
469 2410 631 2476 Lenaeum
654 2410 737 2474 libat
758 2410 923 2495 honorem,

106 2511 228 2597 aspicis
251 2510 350 2574 haec?
374 2531 417 2573 au
438 2512 480 2593 te,
502 2507 640 2592 genitor,
662 2527 735 2571 eum
757 2506 894 2570 dulmine
915 2511 1058 2591 torques,

105 2609 307 2694 nequiquam
328 2606 506 2690 horremus,
528 2604 675 2687 caecique
695 2603 732 2666 in
752 2603 894 2666 nubibus
917 2602 1009 2688 ignes

106 2705 289 2770 terrificant
312 2703 436 2766 animos
460 2707 493 2766 et
513 2701 623 2764 inania
644 2721 810 2764 murmura
832 2699 989 2763 miscent?
1072 2715 1125 2764 210

105 2803 241 2887 femina,
263 2822 345 2884 quae
365 2800 488 2864 nostris
510 2819 620 2862 errans
642 2797 679 2860 iu
699 2796 820 2860 finibus
843 2794 958 2860 urbem

105 2901 263 2985 exiguam
283 2897 389 2980 pretio
412 2895 532 2980 posuit,
553 2895 606 2958 cui
627 2894 706 2957 litus
730 2891 886 2956 arandum

105 2997 228 3080 cuique
250 2995 314 3059 loci
336 2994 424 3078 leges
447 2992 601 3076 dedimus,
624 2990 763 3055 conubia
783 2993 897 3052 nostra

106 3090 255 3177 reppulit
278 3111 315 3154 ao
337 3089 502 3153 dominum
524 3087 658 3152 Aenean
680 3089 715 3150 in
736 3106 836 3170 regna
857 3085 985 3170 recepit.

105 3194 142 3254 et
164 3209 254 3254 nunc
275 3187 330 3251 ille
352 3185 444 3250 Paris
467 3207 540 3250 cum
563 3184 716 3248 semiviro
739 3183 905 3268 comitatu,
1076 3201 1128 3248 ‘215

106 3285 262 3351 Maeonia
284 3287 430 3348 mentum
452 3283 551 3348 mitra
574 3282 756 3366 crinemque
779 3279 960 3344 madentem

105 3385 288 3469 subnexuS,
309 3385 406 3465 rapto
429 3381 568 3465 potitur:
591 3399 653 3444 nos
675 3399 808 3442 munera
831 3377 960 3460 templis

105 3481 235 3566 quippe
257 3478 324 3542 tuis
347 3478 481 3541 ferimus
505 3477 687 3560 famamque
709 3475 855 3540 fovemus
877 3475 1025 3538 inanem!

170 3595 292 3640 Brasaca,
306 3592 392 3642 Vergn
937 3583 969 3630 12
