2538 3970
394 176 542 232 VERGlLI
561 175 692 231 AENlllS
710 177 748 230 IX
1008 177 1074 240 305

79 340 232 406 amborum
253 345 286 406 et
309 340 435 406 voltum
457 339 598 403 lacrimis
622 343 719 422 atque
744 361 799 404 ora
822 335 973 426 rigebat.)

79 438 163 521 ‘quae
184 437 282 524 vobis,
305 458 387 521 quae
410 437 517 522 digna,
540 436 611 523 viri,
633 458 692 519 pro
715 437 864 500 laudibus
887 435 960 500 istis

77 535 207 617 praemia
227 556 322 619 posse
345 556 417 598 rear
441 533 546 598 solvi?
569 532 784 618 pulcherrima
801 534 941 617 primum

77 632 105 694 di
125 653 286 716 moresque
309 631 432 695 dabunt
454 629 567 714 vestri3
590 633 661 694 tum
683 634 787 694 cetera
810 630 919 694 reddet

76 733 208 794 actutum
230 730 304 813 pius
327 725 453 792 Aeneas
477 730 574 810 atque
597 727 721 810 integer
740 727 807 790 aevi
1022 743 1074 792 255

76 827 231 913 Ascanius,
253 826 361 890 meriti
383 825 467 888 tanti
489 845 557 888 non
579 825 746 890 immemor
768 824 940 908 umquam'

77 924 175 988 ‘immo
197 944 256 1007 ego
280 944 350 1008 vos,
373 921 425 985 cui
449 921 518 985 sola
542 921 628 985 salus
652 922 797 1005 genitore
820 921 962 986 reducto'

76 1021 184 1106 excipit
205 1019 376 1105 Ascanius
399 1019 466 1102 ‘per
489 1039 633 1103 magnos,
656 1017 744 1104 Nise,
766 1020 892 1104 penatis

75 1118 277 1201 Assaracique
299 1118 400 1181 larem
424 1119 456 1180 et
479 1137 575 1180 canae
597 1116 774 1197 penetralia
796 1113 915 1180 Vestae

76 1216 223 1301 obtestor,
247 1235 464 1299 quaecumque
487 1211 568 1275 mihi
590 1212 721 1276 fortuna
744 1213 886 1295 fidesque
908 1217 968 1300 est,
1022 1229 1074 1280 260

76 1314 104 1376 in
124 1313 237 1378 vestris
261 1334 347 1397 pono
373 1312 516 1398 gremiis:
541 1312 686 1376 revocate
708 1313 882 1394 parentem,

75 1411 185 1474 reddite
208 1414 429 1494 conspectum;
452 1409 534 1474 nihil
557 1407 614 1472 illo
638 1407 732 1470 triste
755 1411 891 1490 recepto.

76 1507 142 1572 bina
164 1506 246 1571 dabo
270 1509 405 1590 argento
428 1507 569 1588 perfecta
592 1507 688 1588 atque
711 1525 823 1587 aspera
847 1504 949 1588 signis

76 1605 189 1690 pocula,
211 1603 336 1668 devicta
359 1603 487 1687 genitor
510 1621 592 1685 quae
614 1599 698 1683 cepit
721 1599 849 1685 Arisba,

77 1706 104 1764 et
123 1701 264 1785 tripodas
288 1699 444 1785 geminos,
467 1699 538 1762 auri
561 1698 623 1761 duo
646 1717 763 1780 magna
785 1695 917 1783 talenta,
1023 1715 1075 1765 265

78 1803 190 1862 cratera
213 1797 366 1882 anticum,
389 1818 484 1880 quem
507 1795 562 1860 dat
586 1791 717 1858 Sidonia
740 1790 837 1856 Dido.

79 1895 191 1959 sivero
215 1915 327 1977 capere
349 1891 479 1958 Italiam
502 1891 700 1975 sceptrisque
723 1889 823 1971 potiri

79 1991 237 2076 contigerit
261 1990 377 2054 victori
400 1993 432 2054 et
454 1986 589 2074 praedae
613 1986 715 2050 dicere
738 1989 867 2070 sortem,

78 2088 176 2152 vidisti
199 2107 263 2170 quo
286 2085 415 2150 Turnus
439 2107 532 2171 equo,
555 2083 672 2168 quibus
696 2082 764 2146 ibat
786 2083 822 2146 in
844 2083 942 2147 armis

79 2206 195 2248 aureus:
218 2183 326 2266 ipsum
348 2181 451 2266 illum,
474 2181 612 2264 clipeum
634 2179 811 2263 cristasque
834 2179 981 2245 rubentis
1023 2200 1074 2248 270

78 2281 222 2366 excipiam
245 2279 336 2365 sorti,
357 2277 422 2341 iam
444 2299 529 2342 nunc
552 2281 609 2340 tua
631 2276 783 2362 praemia,
804 2263 917 2342 Nisest

20 2453 21 2456 Ἴ
78 2382 230 2460 praeterea
252 2376 304 2440 bis
328 2397 384 2440 sex
407 2374 534 2459 genitor
556 2373 731 2437 lectissima
753 2377 894 2437 matrum

77 2495 199 2558 corpora
223 2472 431 2557 captivosque
454 2471 543 2535 dabit
567 2491 687 2555 suaque
711 2471 859 2535 omnibus
884 2494 981 2557 arma,

20 2611 21 2622 ,
77 2571 196 2654 insuper
218 2570 271 2634 his
294 2569 398 2652 campi
421 2568 508 2652 quod
529 2589 586 2632 rex
607 2566 706 2631 habet
728 2567 797 2650 ipse
820 2567 962 2634 Latinus.

78 2673 105 2744 te
125 2690 206 2753 vero,
228 2688 300 2732 mea
324 2687 419 2750 quem
443 2665 556 2750 spatiis
578 2663 785 2748 propioribus
809 2669 896 2729 aetas
1023 2685 1073 2733 275

20 2757 21 2762 ¹
78 2764 256 2849 insequitur,
278 2762 455 2826 venerande
469 2783 566 2852 Q
588 2761 653 2825 iem
674 2764 803 2846 pectore
826 2766 896 2827 toto

79 2861 186 2944 accipio
210 2863 243 2924 et
267 2859 414 2923 comitem
439 2881 531 2923 casus
555 2859 748 2942 complector
771 2860 805 2924 in
829 2861 940 2924 omnis.

78 2959 155 3022 nulla
176 2957 256 3022 meis
281 2957 349 3020 sine
371 2959 405 3020 tc
428 2960 599 3040 quaeretur
621 2956 725 3040 gloria
748 2956 857 3042 rebus3

78 3076 126 3118 seu
146 3075 255 3138 pacem
278 3074 335 3116 scu
358 3052 442 3117 bella
465 3073 584 3138 geram,
606 3053 668 3117 tibi
691 3054 830 3118 maxima
852 3077 959 3120 rerum

78 3152 300 3234 verborumque
321 3149 421 3214 fides'
466 3155 578 3214 contra
602 3172 696 3234 quem
719 3151 798 3216 talia
820 3153 907 3216 fatur
1022 3173 1075 3222 280

78 3247 240 3332 Euryalus:
264 3246 325 3310 ‘me
348 3246 438 3311 nulla
462 3246 528 3311 dies
552 3251 619 3312 tam
641 3248 782 3312 fortibus
806 3251 891 3315 ausis

77 3345 253 3410 dissimilem
276 3345 432 3429 arguerit3
455 3348 595 3410 tantum:
620 3345 751 3409 fortuna
775 3348 911 3412 secunda

78 3447 125 3506 aut
146 3443 274 3508 adversa
298 3443 396 3538 cadat.
444 3442 499 3508 sed
522 3446 554 3507 te
577 3465 672 3526 super
697 3443 804 3508 omnia
827 3446 910 3510 dona

121 3559 234 3605 Bressos,
250 3557 333 3608 Vergil
878 3555 912 3603 20

314 3684 331 3694 ,-
362 3667 366 3677 ’
420 3661 445 3696 7!

285 3685 302 3722 ὣ
312 3721 331 3736 ν’
346 3693 423 3762 :subl
