2580 3962
203 210 244 262 lV
519 209 566 261 DE
586 208 673 260 VITA
691 208 738 260 ET
757 206 914 261 soarrrls

204 369 380 432 versiarum
394 369 478 431 libro
488 367 552 432 VH
566 391 595 451 p.
607 366 671 431 288
686 365 728 430 Μ.
748 367 1016 431 commemoravit.
1044 364 1215 428 tradidisse

205 470 312 528 autem
332 466 424 529 facile
448 468 555 547 potest
573 465 606 526 in
627 463 789 546 deperdito
810 464 918 548 aliquo
937 464 1051 527 harum
1070 462 1214 544 ipsarum

205 564 493 626 controversiarum
506 561 590 624 libro
598 559 632 646 ¹).
665 565 827 643 praeterea
841 565 948 642 potest
963 559 1122 623 Asconius
1137 581 1214 622 usus

206 678 274 721 esse
287 656 422 722 Cornelii
436 655 551 742 (Galli,
564 657 598 719 ni
612 656 716 739 fallor,
729 656 971 720 familiarissimi
981 656 1126 739 Vergilio
1141 677 1214 738 poe-

205 751 271 839 tae)
285 755 337 816 vel
353 755 491 818 carmine
505 753 555 815 vel
573 775 668 836 prosa
685 754 829 816 oratione
844 754 963 837 scripto
979 753 1117 836 quodam
1131 776 1214 817 oom-

205 851 376 934 mentario‚
400 871 463 932 quo
487 851 515 913 is
534 846 684 933 'aenigma
704 851 757 914 eol.
772 849 819 914 Ill
839 850 901 915 106
920 852 1124 934 propositum
1142 852 1213 934 ipso

205 945 337 1010 Marone
358 951 487 1010 auctore
506 947 710 1030 explicaverit
734 946 819 1032 (vide
842 948 984 1032 prolegg.
1008 971 1037 1030 p.
1057 949 1098 1012 97
1111 970 1158 1032 sq.
1183 952 1215 1011 et

206 1042 246 1105 H.
262 1043 431 1128 Hagenum
451 1044 491 1106 ad
509 1043 618 1106 soholl.
633 1042 725 1107 Bern.
745 1045 941 1127 praesentem
959 1068 988 1128 p.
1002 1047 1063 1108 112
1075 1043 1147 1131 sq).
1172 1035 1175 1039 ’

272 1141 323 1204 Ex
347 1141 459 1204 ceteris
482 1144 595 1223 poetae
619 1141 805 1222 aequalibus
832 1140 864 1205 O.
880 1141 1002 1205 Iulius
1021 1140 1214 1226 Hyginus,

206 1236 348 1321 Augusti
376 1238 523 1319 libertus,
555 1237 610 1320 qui
638 1238 749 1301 doctos
778 1239 826 1300 ‘in
849 1238 1043 1323 Vergilium’
1074 1236 1213 1324 (Gellius

206 1332 222 1400 Ι
241 1333 298 1420 21)
321 1335 372 1397 vel
391 1335 439 1397 ‘de
458 1333 614 1418 Vergilio’
639 1331 736 1420 (idem
755 1333 832 1398 XVI
846 1337 876 1418 6,
891 1333 947 1421 14)
967 1337 1213 1400 commentarios

207 1432 407 1514 conscripsit,
428 1431 585 1514 numquid
607 1431 645 1493 de
667 1431 734 1494 vita
758 1453 884 1514 quoque
907 1432 1091 1514 exposuerit
1113 1435 1214 1496 nesci-

207 1551 288 1612 mus,
309 1529 373 1590 nisi
396 1529 479 1591 forte
502 1527 590 1590 illam
613 1528 651 1590 de
675 1525 777 1591 Nolae
795 1529 947 1591 memoria
970 1528 1005 1590 in
1027 1547 1074 1610 ge.
1093 1526 1125 1591 H
1150 1529 1214 1593 225

209 1627 393 1690 oblitterata
416 1625 565 1688 fabellam
594 1625 633 1688 ad
660 1625 728 1687 eius
756 1626 978 1689 auctoritatem
1002 1624 1215 1707 probabiliter

207 1724 401 1787 rettulerunt
423 1722 568 1785 homines
593 1722 678 1785 docti
702 1720 789 1806 (vide
811 1721 953 1804 prolegg.
980 1721 1043 1784 120
1059 1720 1128 1807 sq).

274 1819 490 1903 Interpretum
512 1820 633 1901 primus
659 1822 813 1901 quantum
833 1817 949 1880 scimus
973 1815 1061 1902 (narn
1080 1818 1118 1881 de
1139 1818 1214 1884 Oor-

208 1922 287 1981 nuto
312 1920 343 1979 et
366 1915 472 1997 Aspro
496 1914 651 1978 traditum
673 1916 755 1979 nihil
778 1913 841 2001 est)
865 1914 906 1978 M.
927 1913 1105 1977 Valerius
1124 1912 1214 1980 Pro-

209 2015 278 2078 bus
302 2013 401 2077 vitam
415 2011 551 2093 Vergilii
576 2014 720 2094 quamvis
744 2013 883 2076 breviter
903 2012 938 2074 in
954 2011 1214 2095 hypomnematis

209 2112 382 2195 enarravit,
407 2109 490 2173 unde
514 2110 553 2172 ab
577 2110 724 2192 imperito
748 2110 877 2173 homine
900 2110 951 2172 vel
973 2109 1081 2191 potius
1104 2111 1214 2192 plures

209 2209 355 2291 deinceps
384 2229 440 2289 per
467 2227 579 2268 manus
606 2206 887 2289 neglegentissime
914 2210 1063 2288 excerpta
1087 2207 1215 2272 videtur
1280 2197 1281 2210 ¹

210 2327 278 2369 esse
301 2327 381 2388 quae
403 2325 488 2367 nunc
512 2303 561 2366 ‘de
580 2305 806 2366 commentario
825 2303 934 2366 Valeri
951 2301 1213 2369 Probi‘sublata’

210 2403 431 2466 circumfertur
458 2401 572 2463 misere
598 2400 747 2463 mutilata
774 2401 830 2464 illa
855 2401 994 2484 quidem,
1024 2422 1087 2463 uno
1117 2403 1215 2465 etiam

210 2521 316 2563 errore
330 2487 517 2581 turpissimo
537 2494 746 2581 inquinata²)‚
765 2497 820 2559 sed
838 2502 968 2581 excepto
989 2497 1045 2579 qui
1064 2501 1215 2563 extremis
1279 2567 1280 2572 ,

210 2597 342 2660 adsutus
367 2598 415 2658 est
438 2616 544 2676 panno
568 2592 605 2655 de
629 2591 748 2655 ‘Servii
767 2592 886 2656 Mauri’
910 2595 1138 2677 epigrammate
1162 2593 1214 2681 (cf.
1279 2601 1280 2630 ⁴

210 2692 461 2757 Reifferscheidii
477 2694 612 2775 quaestt.
628 2686 779 2753 Suetonn.
799 2715 828 2775 p.
844 2689 923 2776 398)
937 2692 1215 2773 interpolamentis

209 2791 364 2872 vanisque
383 2788 510 2851 fabellis
533 2787 644 2870 libera,
667 2809 859 2870 quamquam
878 2788 1053 2850 virtutibus
1074 2790 1216 2870 propriis

284 2981 303 3050 ²)
327 2978 367 3034 cf.
391 2995 463 3047 quae
482 2979 516 3032 de
536 2977 640 3032 Arellio
660 2977 748 3031 Fusco
768 2977 886 3046 Vergilii
905 2977 1047 3031 imitatore
1066 2982 1217 3032 narrantur
1278 2969 1279 2984 ¹

210 3051 546 3198 ΡΙ511(1111111111111111
569 3127 651 3182 Riese
679 3127 728 3181 ‘de
756 3127 954 3181 commentario
976 3126 1140 3197 Vergiliano
1167 3129 1217 3196 qui

210 3203 247 3256 M.
266 3199 374 3254 Valerii
396 3199 609 3254 Ρ1ο1111ο111111
628 3197 833 3252 circumfertur'
859 3217 885 3267 p.
902 3203 935 3249 24
958 3215 1084 3266 quaeque
1107 3198 1168 3268 ipse
1187 3200 1217 3252 iu

210 3271 384 3326 Fleckeiseni
412 3269 561 3324 annalibus
588 3269 695 3338 philoll.
721 3286 745 3321 a.
770 3274 838 3322 1863
863 3287 890 3337 p.
911 3274 960 3321 351
981 3287 1040 3336 sqq.
1065 3269 1215 3337 disputavi.
1277 3329 1278 3339 ἵ

210 3345 254 3396 Ad
274 3343 409 3396 minorem
427 3359 507 3394 suum
524 3339 664 3393 Valerium
678 3340 799 3393 Probum
814 3339 907 3392 omnia
922 3339 1018 3392 reiecit
1033 3340 1162 3409 Steupius
1183 3342 1217 3393 de

211 3414 309 3468 Probis
319 3412 510 3484 grammaticis
520 3417 618 3480 p.120;
632 3411 669 3463 ad
679 3410 824 3477 Berytium
833 3413 955 3464 veterem
965 3409 1049 3462 rediit
1058 3410 1218 3464 B.Kuebler

212 3487 258 3540 ‘de
275 3486 311 3539 M.
326 3483 431 3538 Valerii
450 3483 533 3536 Probi
552 3481 658 3550 Berytii
677 3481 883 3534 commentariis
897 3480 1082 3549 Vergilianis'
1101 3487 1176 3536 1881.
