2552 3958
209 269 253 332 20
510 266 659 322 VERGILI
676 266 820 322 ECLOGA
838 266 891 320 VII

208 432 242 494 Τ.
271 427 384 495 Sinum
405 430 498 495 lactis
522 433 555 494 et
576 430 654 493 haec
676 433 709 492 te
731 428 811 514 liba,
833 427 962 514 Priape,
986 428 1161 512 quotannis

207 533 374 612 expectare
397 532 447 593 sat
471 532 533 592 est:
556 531 666 590 custos
690 547 723 589 es
745 526 896 610 pauperis
918 526 1014 590 horti.

205 647 291 689 nunc
313 629 346 689 te
368 646 582 690 marmoreum
604 644 663 707 pro
686 626 830 706 tempore
852 622 998 707 fecimus3
1023 627 1057 686 at
1079 627 1132 709 tu,
1183 639 1215 686 55

208 723 236 786 si
258 723 364 787 fetura
387 743 518 808 gregem
541 719 753 806 suppleverit,
776 742 890 784 aureus
914 723 992 784 esto.

255 845 287 910 O.
315 845 435 910 Nerine
459 843 605 930 Galatea,
628 843 740 926 thymo
763 843 844 908 mihi
867 844 990 908 dulcior
1012 841 1155 928 Hyblae,

208 944 371 1007 candidior
394 943 516 1029 cycnis,
539 941 631 1006 edera
653 939 848 1006 formonsior
872 940 960 1027 alba,

208 1062 280 1104 cum
301 1041 442 1124 primum
463 1039 549 1123 pasti
571 1041 717 1121 repetent
739 1037 925 1121 praesaepia
946 1037 1047 1122 tauri,

209 1136 301 1220 siqua
324 1137 373 1199 tui
396 1135 574 1219 Corydonis
597 1134 695 1198 habet
718 1137 751 1198 te
774 1156 864 1220 cura,
886 1134 1004 1198 venito.
1183 1151 1216 1198 40

210 1233 244 1296 Τ.
272 1230 374 1296 Immo
399 1253 458 1317 ego
482 1229 647 1296 Sardoniis
670 1231 779 1295 videar
800 1231 863 1295 tibi
886 1231 1024 1296 amarior
1045 1229 1169 1318 herbis,

207 1329 368 1394 horridior
391 1351 484 1393 rusco
491 1381 500 1414 ,
522 1329 664 1413 proiecta
686 1329 783 1393 vilior
806 1329 891 1414 alga,

209 1426 237 1489 si
259 1425 340 1490 mihi
362 1447 429 1490 non
449 1425 528 1490 haec
549 1426 607 1488 lux
629 1429 701 1490 toto
724 1426 788 1489 iam
810 1426 940 1511 longior
962 1430 1087 1489 annost.

208 1523 254 1586 ite
277 1523 407 1586 domum
428 1523 529 1608 pasti,
553 1523 654 1605 siquis
678 1523 795 1608 pudor,
816 1522 862 1586 ite
883 1523 1017 1587 iuvenci.

152 1634 156 1719 ¹,
256 1645 287 1711 0.
315 1644 457 1710 Muscosi
480 1647 586 1709 fontes
610 1649 642 1709 et
666 1667 778 1710 somno
801 1646 931 1712 mollior
952 1646 1067 1732 herba,
1183 1663 1215 1710 45

209 1747 242 1806 et
265 1765 346 1827 quae
369 1764 426 1806 vos
449 1765 522 1805 rara
544 1742 655 1806 viridis
679 1743 761 1826 tegit
785 1741 919 1807 arbutus
942 1743 1071 1829 umbra,

157 1832 159 1874 l
210 1840 388 1904 solstitium
409 1839 517 1922 pecori
540 1839 711 1902 defendite:
735 1839 801 1902 iam
823 1839 912 1902 venit
935 1842 1039 1904 aestas

209 1937 344 2022 torrida,
368 1936 434 1999 iam
455 1935 543 2000 lento
566 1939 698 2019 turgent
720 1936 756 2000 in
778 1936 910 2020 palmite
933 1957 1085 2021 gemmae.

211 2035 246 2098 Τ.
278 2033 341 2098 Hic
363 2034 454 2097 focus
478 2037 509 2096 et
532 2033 643 2096 taedae
665 2033 816 2120 pingues,
838 2034 891 2098 hic
913 2035 1071 2118 plurimus
1094 2033 1179 2119 ignis

210 2153 334 2216 semper
357 2135 389 2194 et
413 2130 544 2194 adsidua
567 2133 676 2213 postes
699 2130 835 2214 fuligine
857 2132 959 2215 nigri,
1184 2149 1216 2196 5ο

208 2229 262 2292 hic
284 2232 411 2292 tantum
433 2226 555 2291 Boreae
578 2249 724 2290 curamus
747 2227 883 2312 frigora,
907 2231 1062 2311 quantum

210 2331 265 2391 aut
287 2347 456 2390 numerum
478 2325 574 2408 lupus
597 2327 654 2387 aut
676 2324 834 2388 torrentia
856 2323 989 2388 fiumina
1011 2325 1108 2408 ripas.

256 2449 288 2515 0.
317 2447 412 2514 Stant
436 2453 467 2512 et
490 2449 628 2531 iuniperi
651 2452 684 2511 et
706 2452 872 2512 castaneae
894 2448 1051 2534 hirsutae,

210 2552 312 2612 strata
334 2548 439 2611 iacent
462 2546 583 2629 passim
607 2567 664 2608 sua
688 2566 831 2628 quaeque
855 2545 915 2608 sub
938 2545 1052 2610 arbore
1075 2568 1183 2630 poma3

210 2644 317 2708 omnia
338 2665 423 2707 nunc
446 2642 563 2705 rident:
587 2645 621 2704 at
644 2642 672 2705 si
694 2642 877 2706 formonsus
900 2640 1012 2706 Alexis
1184 2661 1216 2706 55

209 2741 374 2806 montibus
397 2740 448 2804 his
473 2739 580 2824 abeat,
602 2739 709 2802 videas
733 2743 764 2802 et
787 2738 920 2802 flumina
943 2738 1034 2802 sicca.

212 2839 246 2902 Τ.
273 2836 354 2900 Aret
377 2857 465 2921 ager3
487 2836 568 2899 vitio
590 2837 730 2900 moriens
754 2836 825 2900 sitit
848 2835 929 2900 aeris
951 2833 1065 2920 herba3

210 2934 306 2998 Liber
329 2933 514 3016 pampineas
537 2933 653 2996 invidit
676 2933 812 2997 collibus
836 2933 979 2997 umbras:

209 3031 366 3115 Phyllidis
391 3031 529 3094 adventu
550 3034 680 3093 nostrae
702 3051 815 3094 nemus
839 3050 932 3093 omne
953 3029 1086 3116 virebit,

208 3127 355 3212 Iuppiter
378 3131 410 3190 et
432 3127 517 3190 laeto
541 3127 707 3191 descendet
730 3127 887 3211 plurimus
910 3126 1014 3190 imbri.
1184 3144 1217 3191 eo

257 3242 289 3307 0.
315 3241 458 3325 Populus
481 3239 611 3304 Alcidae
635 3241 832 3328 gratissima,
854 3241 931 3305 vitis
953 3238 1082 3325 Iaccho,

209 3342 391 3405 formonsae
414 3341 538 3420 myrtus
561 3337 693 3423 Veneri,
716 3361 773 3402 sua
794 3337 904 3402 laurea
926 3337 1070 3421 Phoebo,

208 3436 334 3520 Phyllis
358 3439 444 3499 amat
467 3435 608 3516 corylos:
631 3435 703 3498 illas
727 3435 803 3499 dum
824 3434 949 3518 Phyllis
973 3435 1107 3520 amabit,

209 3555 268 3597 nee
290 3536 416 3614 myrtus
439 3531 544 3594 vincet
568 3531 692 3613 corylos
714 3553 773 3596 nee
794 3532 903 3596 laurea
925 3531 1055 3596 Phoebi.
1262 3545 1263 3622 ᾗ
