2574 3964
359 278 510 333 VERGILI
528 278 739 335 GEORGICON
756 279 795 334 111
1043 279 1084 342 75

116 440 153 507 Si
176 441 239 506 tibi
262 441 413 505 lanitium
435 462 545 526 curae,
568 441 707 524 primum
731 463 842 525 aspera
865 441 947 506 silva

67 540 249 623 lappaeque
272 539 449 622 tribolique
472 538 593 622 absint3
615 539 691 624 fuge
713 539 832 622 pabula
854 539 948 602 laeta.
1031 553 1083 602 000

68 636 291 719 continuoque
315 655 427 720 greges
450 635 537 698 villis
560 635 630 719 lege
652 636 804 700 mollibus
828 635 928 700 albos.

68 735 167 797 illum
189 737 311 817 autem,
334 731 480 816 quamvis
504 731 586 795 aries
610 732 653 795 sit
676 731 827 796 candidus
850 731 934 816 ipse,

68 832 166 915 nigra
189 830 301 895 subest
324 829 387 894 udo
410 832 539 893 tantum
561 828 613 891 cui
635 828 746 913 lingua
768 828 892 913 palat0‚

69 929 169 1013 reice,
189 947 232 990 ne
253 926 388 990 maculis
410 925 549 989 infuscet
571 925 689 990 vellera
710 926 809 1009 pullis

68 1027 277 1108 nascentum,
299 1023 457 1107 plenoque
481 1021 580 1086 alium
603 1023 808 1106 circumspice
831 1043 950 1107 eampo.
1031 1039 1083 1087 300

69 1141 205 1184 munere
227 1118 274 1182 sic
295 1119 389 1183 niveo
412 1119 518 1205 lanae,
542 1119 569 1183 si
592 1120 716 1184 credere
739 1121 871 1205 dignum
894 1124 957 1206 est,
1113 1115 1116 1125 ’

69 1218 141 1282 Pan
164 1217 242 1282 deus
266 1215 421 1280 Arcadiae
443 1219 570 1299 captam
592 1219 639 1303 te,
661 1216 764 1304 Luna,
787 1219 901 1282 fefellit

69 1317 105 1379 in
127 1334 262 1378 nemora
286 1313 352 1376 alta
374 1333 505 1396 vocans3
528 1334 586 1376 nec
608 1317 645 1377 tu
669 1319 837 1397 aspernata
859 1318 1033 1379 vocantem.

115 1413 164 1477 At
187 1411 239 1475 cui
261 1409 355 1474 lactis
379 1431 482 1494 amor,
504 1410 643 1492 cytisum
665 1411 815 1494 lotosque
836 1409 1013 1494 frequentis
1094 1414 1099 1426 ’

70 1513 141 1594 ipse
165 1529 264 1572 manu
288 1508 452 1590 salsasque
474 1508 557 1570 ferat
579 1507 786 1591 praesepibus
809 1507 933 1572 herbas.
1031 1522 1082 1572 000

69 1609 149 1672 hinc
172 1610 205 1669 et
228 1608 337 1669 amant
359 1604 475 1668 fluvios
498 1604 618 1689 magis,
645 1607 678 1666 et
700 1604 804 1688 magis
826 1604 925 1668 ubera
947 1603 1083 1667 tendunt

71 1710 104 1770 et
128 1703 207 1766 salis
232 1701 393 1766 occultum
415 1701 558 1764 refenmt
580 1702 615 1764 in
637 1702 719 1764 lacte
743 1723 897 1785 saporem.

72 1800 170 1866 multi
192 1798 291 1862 etiam
313 1801 457 1862 excretos
480 1797 653 1882 prohibent
676 1821 694 1862 a
717 1799 875 1862 matribus
897 1799 1015 1864 haedos

72 1899 241 1983 primaque
263 1894 392 1958 ferratis
415 1894 597 1979 praefigunt
619 1917 676 1959 ora
698 1896 855 1979 capistris.

73 1995 162 2080 quod
184 1996 335 2077 surgente
358 1991 408 2055 die
430 1991 568 2055 mulsere
589 1991 741 2075 horisque
765 1991 902 2081 diurnis,
1030 2011 1082 2060 400

73 2095 168 2158 nocte
190 2092 354 2173 premunt3
378 2088 463 2171 quod
486 2089 550 2152 iam
572 2088 714 2151 tenebris
737 2092 770 2151 et
793 2089 859 2152 sole
882 2089 1026 2176 cadente,

75 2190 136 2254 sub
159 2187 263 2251 lucem
286 2188 459 2267 exportans
482 2185 617 2248 calathis
641 2186 707 2248 adit
730 2185 847 2269 oppida
869 2192 993 2272 pastor;

76 2289 132 2350 aut
155 2303 251 2367 parco
276 2281 341 2344 sale
365 2280 557 2364 continommt
578 2281 739 2366 hiemique
762 2289 929 2366 reponunt.

119 2379 188 2445 Nec
209 2379 272 2442 tibi
295 2399 370 2442 cura
393 2399 507 2441 canum
529 2379 627 2442 fuerit
649 2385 824 2466 postrema,
847 2381 902 2444 sed
924 2403 988 2446 una

77 2478 194 2544 velocis
218 2475 352 2559 Spartae
375 2475 499 2538 catulos
523 2497 689 2559 acremque
712 2475 890 2541 Molossum
1031 2497 1082 2546 405

77 2596 170 2661 pasce
193 2595 263 2638 sero
286 2573 408 2656 pingui.
454 2593 628 2656 numquam
651 2573 837 2638 custodibus
860 2575 925 2639 illis

78 2677 269 2738 nocturnum
292 2669 429 2734 stabulis
452 2669 555 2732 furem
577 2670 785 2753 incursusque
808 2671 957 2753 luporum

80 2775 136 2836 aut
157 2771 321 2852 inpacatos
345 2790 364 2831 a
385 2771 477 2850 tergo
499 2765 646 2830 horrebis
670 2767 817 2831 Hiberos.

82 2888 172 2950 saepe
193 2866 291 2929 etiam
313 2885 408 2927 cursu
431 2863 562 2926 timidos
586 2864 725 2947 agitabis
748 2884 886 2948 onagros

82 2967 116 3028 et
137 2963 264 3027 canibus
287 2962 441 3045 leporem,
463 2961 595 3024 canibus
618 2960 773 3024 venabere
796 2962 953 3047 dammas3
1031 2981 1084 3030 410

84 3081 172 3142 saepe
193 3059 373 3124 volutabris
395 3057 506 3141 pulsos
530 3057 733 3121 silvestribus
757 3079 851 3140 apros

83 3158 198 3221 latratu
219 3155 368 3220 turbabis
391 3175 490 3239 agens
511 3155 695 3236 montisque
717 3176 773 3237 per
797 3155 879 3218 altos

85 3255 241 3337 ingentem
264 3251 401 3316 clamore
423 3273 546 3334 premes
570 3251 610 3315 ad
632 3251 714 3313 retia
737 3271 871 3335 cervom.

131 3345 217 3413 Disce
239 3353 272 3413 et
296 3349 463 3413 odoratam
485 3347 621 3412 stabulis
645 3347 812 3410 accendere
835 3347 981 3411 caedrum

86 3444 297 3530 galbaneoque
320 3445 443 3530 agitare
466 3445 573 3529 gravis
595 3445 707 3508 nidore
730 3445 906 3528 chelydros.
1032 3461 1084 3511 410

87 3562 173 3625 saepe
195 3543 253 3608 sub
277 3542 420 3606 immotis
443 3541 651 3627 praesepibus
675 3545 731 3604 aut
754 3541 838 3604 mala
861 3545 949 3604 tactu
