2612 3964
418 276 564 331 VERGILI
583 279 715 333 AENEIS
733 281 772 334 lll
1036 282 1099 346 155

84 437 170 500 laeta
194 436 295 500 boum
318 438 439 520 passim
461 440 582 523 campis
607 445 750 504 armenta
773 443 916 507 videmus
1048 460 1098 506 220

84 534 357 618 caprigenumque
379 557 476 618 pecus
499 536 589 601 nullo
613 538 744 600 custode
767 561 824 620 per
846 539 970 603 herbas.

84 631 245 695 inruimus
270 631 354 696 ferro
378 636 411 696 et
434 633 524 696 divos
548 634 717 717 ipsumque
739 657 889 698 vocamus

85 729 119 793 iu
141 732 270 812 partem
292 729 505 814 praedamque
527 729 650 815 Iovem3
673 735 743 794 tum
765 732 860 796 litore
884 754 980 798 curvo

84 826 329 910 extruimusque
351 830 441 890 toros
466 827 664 912 dapibusque
687 829 854 911 epulamur
878 829 1001 913 opimis.

85 928 118 987 at
141 922 270 987 subitae
292 921 443 987 horrifico
465 924 559 1007 lapsu
582 925 620 988 de
642 926 807 989 montibus
831 925 948 990 adsunt
1045 941 1097 989 220

84 1020 240 1104 harpyiae
264 1024 296 1083 et
318 1020 444 1105 magnis
468 1022 619 1104 quatiunt
642 1022 847 1106 clangoribus
871 1023 951 1107 alas,

84 1118 307 1202 diripiuntque
330 1117 427 1201 dapes
451 1122 663 1202 contactuque
686 1119 793 1184 omnia
815 1119 944 1183 foedant

85 1215 266 1299 immundo,
288 1218 360 1278 tum
381 1237 444 1279 vox
467 1219 608 1279 taetrum
631 1216 700 1279 dira
722 1216 807 1279 inter
831 1216 968 1280 odorem.

87 1335 216 1378 rursum
238 1312 273 1375 in
297 1333 423 1376 secessu
444 1313 543 1397 longo
567 1313 627 1376 sub
651 1334 730 1395 rupe
752 1317 863 1376 cavata
1045 1329 1096 1376 220

85 1409 276 1474 instruimus
299 1430 426 1472 mensas
451 1410 578 1493 arisque
599 1409 784 1491 reponimus
808 1408 929 1492 ignem:
1046 1425 1095 1473 231
1216 1417 1218 1422 ’

86 1528 215 1570 rursum
237 1527 277 1568 ex
301 1505 427 1569 diverso
451 1506 530 1569 caeli
553 1506 717 1589 caecisque
740 1505 873 1568 latebris

85 1604 183 1668 turba
207 1623 325 1666 sonans
347 1602 498 1685 praedam
520 1603 654 1685 pedibus
677 1603 886 1667 circumvolat
908 1603 1013 1686 uncis,

86 1701 205 1785 polluit
228 1721 283 1763 ore
306 1699 410 1782 dapes.
457 1699 551 1762 sociis
575 1701 763 1762 tunc-arma
786 1702 953 1782 capessant

84 1799 188 1882 edico,
211 1801 245 1861 et
267 1796 337 1860 dira
359 1795 480 1860 bellum
503 1817 575 1858 cum
598 1799 693 1880 gente
715 1795 896 1880 gerendum.
1046 1813 1096 1861 230

86 1895 165 1958 haut
189 1915 280 1958 secus
304 1915 340 1957 ac
362 1893 444 1957 iussi
466 1893 602 1979 faciunt,
624 1896 790 1976 tectosque
813 1913 869 1974 per
890 1891 1024 1956 herbam
1138 1919 1140 1923 ’

84 1993 262 2076 disponunt
286 2011 377 2054 enses
400 1993 433 2052 et
456 1993 547 2052 scuta
568 1989 704 2052 latentia
726 1989 875 2052 condunt.
1102 1977 1107 1998 ⁸

85 2109 161 2174 crgo
186 2087 244 2152 ubi
266 2087 414 2170 delapsae
437 2086 580 2149 sonitum
602 2108 659 2168 per
682 2083 779 2149 curva
801 2086 913 2150 dedere

87 2187 198 2269 litora,
220 2184 276 2247 dat
300 2184 430 2268 signum
453 2183 581 2266 specula
603 2181 746 2245 Misenus
770 2182 810 2245 ab
834 2182 900 2245 alta

87 2304 156 2346 aere
170 2301 258 2346 cavo.
295 2279 451 2343 invadunt
466 2280 545 2344 socii
560 2283 591 2342 et
604 2301 688 2343 nova
702 2279 824 2362 proelia
837 2283 1008 2367 temptant,
1046 2297 1096 2346 240

87 2381 241 2444 obscenas
264 2377 372 2462 pelagi
393 2377 479 2440 ferro
502 2377 629 2440 foedare
651 2375 805 2440 volucres.

87 2478 139 2541 sed
160 2495 267 2558 neque
289 2474 356 2537 vim
378 2473 498 2556 plumis
521 2473 620 2536 ullam
643 2494 701 2536 nec
723 2469 854 2536 volnera
875 2477 968 2558 tergo

87 2574 260 2658 accipiunt,
284 2571 440 2654 celerique
463 2570 541 2654 fuga
565 2569 624 2632 sub
649 2569 754 2632 sidera
776 2570 885 2653 lapsae

88 2691 242 2735 semesam
264 2668 416 2751 praedam
438 2671 471 2730 et
493 2666 631 2750 vestigia
653 2667 745 2729 foeda
768 2666 961 2749 relinquont.

88 2790 147 2832 una
170 2767 206 2830 in
229 2765 391 2848 praecelsa
414 2763 558 2828 consedit
581 2783 660 2844 rupe
683 2759 833 2846 Celaeno,
1046 2780 1097 2828 245

88 2864 196 2928 infelix
220 2865 325 2946 vates,
347 2861 533 2944 rumpitque
554 2859 637 2922 hanc
659 2861 787 2940 pectore
809 2879 932 2921 vocem:

89 2962 217 3025 ‘bellum
242 2958 340 3022 etiam
362 2980 421 3042 pro
445 2957 538 3021 caede
560 2955 658 3020 boum
682 2954 857 3037 stratisque
879 2955 1036 3041 iuvencis,

89 3052 387 3137 Laomedontiadae,
411 3052 572 3116 bellumne
594 3053 711 3116 inferre
734 3052 856 3135 paratis

88 3157 117 3215 et
138 3151 246 3236 patrio
269 3149 421 3233 harpyias
444 3149 583 3213 insontis
608 3149 725 3232 pellere
748 3148 870 3232 regno?

88 3249 218 3333 accipite
241 3267 318 3331 ergo
342 3245 458 3310 animis
481 3249 578 3329 atque
599 3246 678 3310 haec
700 3267 770 3308 mea
793 3245 883 3329 figite
907 3245 1006 3330 dicta,
1044 3263 1096 3310 200

87 3368 165 3429 quae
188 3344 320 3409 Phoebo
343 3347 435 3426 pater
458 3343 675 3428 omnipotens,
700 3341 781 3405 mihi
803 3340 952 3406 Phoebus
975 3341 1094 3425 Apollo

89 3545 240 3605 arboribus
264 3544 397 3604 clausam
422 3541 535 3602 circum
557 3544 647 3620 atque
671 3541 863 3602 horrentibus
886 3540 999 3600 umbris
1044 3551 1096 3600 230
