2514 3966
383 259 536 316 venum
554 261 685 317 AENEIS
700 263 737 318 IX
998 265 1064 330 313

68 421 143 485 ferre
164 421 248 487 iuvat
270 426 382 506 supter
405 422 503 488 densa
525 423 688 489 testudine
710 427 826 490 casus?

66 540 117 582 nec
133 519 194 582 iam
212 519 383 584 sufficiunt.
411 542 487 583 nam
506 542 569 604 qua
587 521 703 606 globus
722 522 869 589 imminet
886 524 1063 612 ingens,slo

64 616 223 680 immanem
246 615 361 680 Teucri
384 617 501 681 molem
523 618 720 701 volvuntque
742 623 914 706 ruuntque,

63 735 137 797 quae
160 714 274 778 stravit
296 711 437 778 Rutulos
460 715 525 778 late
548 735 773 800 armorumque
797 717 931 782 resolvit

61 810 202 896 tegmina
246 832 307 876 nec
329 815 443 876 curant
465 833 557 876 caeco
580 811 770 876 contendere
793 811 897 878 Marte

62 907 189 991 amplius
213 908 348 972 audaces
370 906 495 994 Rutuli,
518 908 573 973 sed
595 909 713 992 pellere
736 909 821 973 vallo

61 1005 229 1069 missilibus
253 1009 386 1070 certant.
1011 1024 1063 1073 ceo

61 1105 143 1184 parte
165 1102 229 1166 ulia
251 1101 430 1166 horrendus
453 1102 525 1167 visu
549 1101 723 1186 quassabat
746 1102 919 1167 Etruscam

60 1199 163 1281 pinum
185 1203 218 1264 et
240 1185 530 1263 fumiferos⁴infert
552 1197 729 1263 Mezentius
751 1201 852 1285 ignis3

61 1300 89 1359 at
109 1295 276 1380 Messapus
300 1317 391 1361 ecum
414 1297 564 1382 domitor,
585 1294 751 1380 Neptunia
773 1297 890 1383 proles,

61 1393 203 1458 rescindit
226 1393 349 1458 vallum
372 1397 404 1458 et
429 1393 529 1458 scalas
552 1393 587 1456 in
610 1393 736 1458 moenia
757 1393 870 1477 poscit.

99 1489 174 1575 Vos,
197 1513 216 1556 o
242 1489 395 1576 Calliope,
417 1513 540 1576 precor,
562 1489 723 1572 adspirate
746 1491 882 1576 canenti,
1010 1508 1061 1558 52⁶

63 1609 132 1671 quas
154 1588 203 1652 ibi
224 1591 297 1653 tum
319 1588 404 1652 ferro
429 1591 563 1672 strages,
586 1608 667 1670 quac
689 1587 801 1651 fimera
824 1587 951 1653 Turnus

63 1677 195 1763 ediderit,
219 1698 315 1760 quem
339 1677 475 1761 quisque
497 1676 602 1740 virum
624 1675 788 1740 demiserit
807 1674 902 1762 Orc03

63 1777 90 1837 et
109 1795 231 1839 mecum
253 1773 395 1858 ingentis
419 1795 491 1838 oras
514 1773 652 1837 evolvite
675 1772 760 1836 belli.

100 1870 206 1934 Turris
231 1875 300 1934 erat
323 1875 416 1935 vasto
439 1875 591 1953 suspectu
614 1874 647 1933 et
669 1870 825 1953 pontibus
849 1871 938 1958 altis,
1010 1887 1061 1939 550

63 1972 234 2051 opportuna
257 1967 339 2052 loco,
362 1968 495 2033 summis
519 1989 615 2050 quam
638 1966 761 2030 viribus
786 1988 895 2032 omnes

63 2085 234 2150 expugnare
256 2063 333 2128 Itali
357 2085 544 2147 summaque
567 2067 708 2128 evertere
731 2085 829 2146 opum
851 2064 884 2127 vi

62 2161 224 2225 certabant.
270 2160 370 2225 Troes
394 2164 506 2225 contra
529 2159 695 2225 defendere
718 2161 803 2225 saxis

61 2280 169 2342 perque
192 2279 286 2322 cavas
310 2258 400 2321 densi
423 2258 488 2321 tela
510 2257 695 2340 intorquere
717 2258 882 2322 fenestras.

62 2355 200 2438 princeps
223 2355 388 2418 ardentem
411 2354 546 2417 coniecit
568 2354 715 2436 lampada
737 2354 865 2418 Turnus
1009 2371 1061 2422 555

62 2457 89 2516 et
108 2451 269 2516 flammam
292 2450 404 2514 adfixit
425 2451 529 2534 lateri,
552 2472 634 2533 quac
656 2451 795 2535 plurima
817 2456 914 2516 vento

61 2549 208 2631 corripuit
229 2547 358 2612 tabulas
382 2551 415 2612 ct
436 2548 586 2630 postibus
608 2548 713 2612 haesit
737 2549 848 2613 adesis,

61 2645 174 2709 turbati
197 2646 358 2729 trepidare
379 2646 468 2710 intus
491 2645 677 2728 frustraque
699 2645 858 2710 malorum

61 2742 132 2806 velle
154 2743 272 2828 fugam.
318 2742 394 2806 dum
417 2763 452 2806 se
474 2742 655 2826 glomerent
677 2746 828 2827 retroque
849 2742 994 2807 residunt

61 2840 242 2924 inpertem,
265 2860 346 2924 quae
368 2843 459 2922 peste
481 2843 576 2924 caret,
599 2843 669 2902 tum
690 2839 831 2922 pondere
853 2840 953 2903 turr'is
1008 2856 1060 2906 540

61 2935 223 3019 procubuit
247 2937 356 3001 subito
380 2939 412 3000 et
435 2936 558 3000 caelum
581 2941 674 3001 tonat
697 2959 790 3001 omne
813 2937 948 3022 fragore.

62 3034 224 3099 semineces
248 3033 288 3096 ad
309 3038 439 3119 terrem,
461 3033 594 3097 immani
615 3034 700 3097 mole
723 3037 841 3118 secuta,

62 3131 231 3214 confixique
253 3131 321 3194 suis
344 3131 417 3194 telis
441 3133 473 3193 et
495 3135 625 3213 pectora
648 3130 727 3195 duro

62 3226 221 3292 transfossi
243 3226 334 3310 ligno
358 3227 500 3291 veniunt.
546 3227 600 3290 vix
623 3249 707 3291 unus
730 3225 872 3290 Helenor

62 3329 89 3388 et
109 3322 210 3410 Lycus
234 3322 343 3408 elapsi.
390 3345 527 3409 quorum
549 3325 729 3408 primaevos
753 3323 903 3411 Helenor,
1009 3341 1060 3392 545

63 3531 89 3583 st
108 3523 281 3584 meministis
305 3524 392 3602 enim,
416 3523 511 3603 divae,
534 3527 565 3584 ct
588 3543 751 3585 memorare
774 3525 910 3602 potestis.
1009 3536 1059 3586 529
