2612 3964
424 245 573 301 VERGILI
591 247 722 302 AENEIS
741 247 767 301 Il
1032 247 1094 310 131

127 405 280 471 Vertitur
303 407 425 472 interea
448 408 570 472 caelum
594 414 626 473 et
649 409 721 472 ruit
739 407 864 473 Oceano
886 429 951 472 nox
1046 424 1097 473 150
1137 468 1140 479 ,

82 504 253 568 involvens
278 505 393 568 umbra
415 526 532 590 magna
555 509 738 588 terramque
759 505 934 588 polumque
1136 497 1201 585 ,2³

83 600 390 685 Myrmidonumque
413 602 517 686 dolos3
540 601 605 665 fusi
627 622 685 684 per
706 599 833 662 moenia
856 598 969 662 Teucri
1134 604 1137 617 '

84 698 283 784 conticuere,
297 721 403 782 sopor
426 699 529 763 fessos
553 697 776 780 complectitur
799 701 897 761 artus.

83 799 115 858 et
138 796 207 859 iam
229 794 353 880 Argiva
376 796 516 880 phalanx
538 793 706 858 instructis
728 793 866 857 navibus
889 793 959 857 ibat

84 914 101 954 a
124 891 256 955 Tenedo
279 892 396 956 tacitae
419 913 476 975 per
499 883 601 955 amica*
623 889 751 954 silentia
773 889 868 953 lunae
1046 905 1098 953 255

83 989 191 1052 litora.
206 992 286 1052 nota
308 993 433 1072 petens:
458 987 602 1052 flammas
626 1009 697 1050 cum
720 987 809 1072 regia
831 986 949 1070 puppis

84 1087 260 1172 extulerat,
283 1085 424 1168 fatisque
447 1085 541 1149 deum
563 1085 711 1148 defensus
734 1083 855 1168 iniquis

83 1182 229 1246 inclusos
253 1185 346 1246 utero
369 1180 499 1245 Danaos
523 1185 555 1245 et
577 1181 672 1264 pinea
694 1182 808 1244 furtim

67 1279 176 1343 Ι111111
199 1279 341 1342 claustra
351 1275 474 1369 Q
518 1278 593 1342 illos
616 1279 794 1368 patefactus
819 1278 858 1342 ad
882 1299 975 1342 auras

82 1376 192 1439 reddit
203 1397 306 1464 QS,
328 1375 468 1458 laetique
492 1397 568 1439 cavo
592 1397 626 1439 se
648 1375 764 1440 robore
787 1379 941 1458 promunt
1047 1390 1098 1438 160

83 1472 311 1536 Thessandrus
335 1469 569 1556 Sthenelusque
592 1471 686 1536 duces
710 1476 742 1536 ct
765 1473 854 1536 dirus
877 1471 989 1536 Ulixes
1136 1444 1140 1475 ⁵

83 1571 263 1652 demissum
285 1569 370 1653 lapsi¹
390 1591 447 1652 per
470 1569 595 1654 funem,
617 1567 816 1652 Acamasque
840 1569 1009 1652 Thoasque
1130 1548 1182 1642 11

82 1667 278 1750 Pelidesque
299 1665 532 1750 Neoptolemus
555 1667 742 1750 primusque
765 1665 923 1730 Machaon

83 1770 115 1828 et
138 1764 308 1829 Menelaus
333 1765 456 1848 etipse
480 1763 546 1827 doli
568 1763 743 1828 fabricator
765 1763 881 1846 Epeos.
914 1813 916 1818 .

83 1863 246 1926 invadunt
269 1862 383 1926 urbem
406 1883 518 1925 somno
541 1861 681 1945 vinoque
704 1861 876 1945 sepultam3
1047 1873 1098 1924 165

84 1961 265 2024 caeduntur
287 1959 418 2044 vigiles,
441 1957 607 2041 portisque
629 1957 816 2041 patentibus
841 1957 944 2021 omnis

84 2058 252 2141 accipiunt
275 2057 379 2120 socios
404 2059 500 2139 atque
523 2054 651 2138 agmina
674 2055 799 2119 conscia
822 2055 970 2140 iungunt.

130 2155 276 2237 Tempus
300 2157 382 2240 erat,
405 2174 468 2237 quo
492 2151 596 2236 prima
619 2151 710 2235 quies
732 2150 925 2214 mortalibus
950 2149 1075 2233 aegris

83 2251 204 2336 incipit
228 2255 260 2314 et
283 2250 366 2314 dono
391 2249 498 2313 divom
521 2249 704 2333 gratissima
728 2248 835 2331 serpit.

83 2351 120 2414 in
145 2348 269 2414 somnis
294 2368 364 2412 ecce
387 2350 460 2410 ante
484 2346 593 2410 oculos
615 2345 849 2410 maestissimus
872 2342 994 2407 Hector
1048 2358 1099 2405 110

84 2448 179 2511 visus
203 2445 314 2509 adesse
336 2443 417 2507 mihi
439 2443 611 2528 largosque
636 2443 795 2506 effundere
818 2441 927 2526 fletus,

85 2547 239 2628 raptatus
262 2541 349 2625 bigis
372 2543 410 2604 ut
433 2541 607 2624 quondam,
631 2543 761 2623 aterque
785 2542 915 2603 cruento

86 2643 223 2726 pulvere
247 2659 367 2722 perque
390 2637 485 2720 pedes
509 2637 661 2700 traiectus
684 2636 754 2699 lora
777 2634 939 2698 tumentis.

87 2740 116 2802 ei
141 2737 225 2802 mihi
248 2735 354 2820 qualis
377 2737 460 2820 erat,
483 2738 639 2817 quantum
661 2735 805 2796 mutatus
829 2732 869 2795 ab
893 2731 949 2795 illo

87 2835 245 2920 Hectore,
268 2833 324 2916 qui
347 2832 429 2894 redit
452 2831 582 2895 exuvias
605 2829 736 2894 indutus
760 2827 879 2892 Achilli
1049 2843 1100 2893 175

87 2934 142 2997 vel
164 2930 315 2996 Danaum
337 2927 497 3012 Phrygios
519 2928 677 2992 iaculatus
700 2925 862 3009 puppibus
885 2925 984 3009 ignis,

90 3030 294 3114 squalentem
317 3026 451 3089 barbam
474 3029 506 3088 et
530 3028 694 3089 concretos
718 3023 873 3107 sanguine
896 3022 992 3085 crinis

88 3128 287 3209 volneraque
309 3123 366 3186 illa
390 3143 520 3208 gerens,
543 3143 623 3206 quae
646 3121 764 3185 circum
787 3119 926 3203 plurima
947 3141 1056 3184 muros

90 3224 214 3308 accepit
237 3221 374 3306 patrios!
398 3220 484 3283 ultro
508 3219 587 3283 flens
610 3219 680 3301 ipse
702 3215 832 3280 videbar

89 3322 284 3406 compellare
307 3318 414 3382 virum
437 3320 469 3380 et
491 3321 629 3380 maestas
653 3335 836 3396 expromere
858 3334 967 3376 voces:
1050 3327 1102 3376 180

89 3421 123 3484 ‘o
148 3421 204 3484 lux
226 3415 422 3500 Dardaniae,
445 3435 519 3497 spes
542 3435 560 3476 0
583 3411 737 3476 fidissima
760 3409 930 3494 Teucrum,

91 3539 176 3602 quae
199 3519 309 3579 tantae
332 3516 463 3576 tenuere
485 3510 613 3574 morae?
643 3508 760 3593 quibus
784 3505 904 3570 Hector
928 3505 967 3568 ab
992 3505 1057 3568 oris

903 3614 919 3661 9
928 3611 943 3644 dr
