<?xml version="1.0" encoding="UTF-8"?>
<!DOCTYPE html PUBLIC "-//W3C//DTD XHTML 1.0 Transitional//EN"
    "http://www.w3.org/TR/xhtml1/DTD/xhtml1-transitional.dtd">
<html xmlns="http://www.w3.org/1999/xhtml" xml:lang="en" lang="en">
 <head>
  <title>
</title>
<meta http-equiv="Content-Type" content="text/html;charset=utf-8" />
  <meta name='ocr-system' content='tesseract 3.04.00' />
  <meta name='ocr-capabilities' content='ocr_page ocr_carea ocr_par ocr_line ocrx_word'/>
</head>
<body>
  <div class='ocr_page' id='page_1' title='image "./pvergilimaronis11virggoog/pvergilimaronis11virggoog_0269.png"; bbox 0 0 2576 3970; ppageno 0'>
   <div class='ocr_carea' id='block_1_1' title="bbox 192 233 866 296">
    <p class='ocr_par' dir='ltr' id='par_1_1' title="bbox 192 233 866 296">
     <span class='ocr_line' id='line_1_1' title="bbox 192 233 866 296; baseline -0.006 -2"><span class='ocrx_word' id='word_1_1' title='bbox 192 233 259 296; x_wconf 82' lang='grc'>216</span> <span class='ocrx_word' id='word_1_2' title='bbox 524 233 672 288; x_wconf 79' lang='lat' dir='ltr'><strong>VERGILI</strong></span> <span class='ocrx_word' id='word_1_3' title='bbox 690 235 822 292; x_wconf 79' lang='lat' dir='ltr'>AENEIS</span> <span class='ocrx_word' id='word_1_4' title='bbox 841 237 866 290; x_wconf 92' lang='lat' dir='ltr'>V</span> 
     </span>
    </p>
   </div>
   <div class='ocr_carea' id='block_1_2' title="bbox 193 393 1197 1159">
    <p class='ocr_par' dir='ltr' id='par_1_2' title="bbox 193 393 1192 482">
     <span class='ocr_line' id='line_1_2' title="bbox 193 393 1192 482; baseline 0.005 -25"><span class='ocrx_word' id='word_1_5' title='bbox 193 393 301 476; x_wconf 78' lang='lat' dir='ltr'>‘quem</span> <span class='ocrx_word' id='word_1_6' title='bbox 323 395 431 479; x_wconf 80' lang='lat' dir='ltr'>fugis?</span> <span class='ocrx_word' id='word_1_7' title='bbox 459 400 515 460; x_wconf 87' lang='lat' dir='ltr'>aut</span> <span class='ocrx_word' id='word_1_8' title='bbox 538 397 611 481; x_wconf 88' lang='lat' dir='ltr'>quis</span> <span class='ocrx_word' id='word_1_9' title='bbox 634 400 667 460; x_wconf 90' lang='lat' dir='ltr'>te</span> <span class='ocrx_word' id='word_1_10' title='bbox 688 399 810 462; x_wconf 88' lang='lat' dir='ltr'>nostris</span> <span class='ocrx_word' id='word_1_11' title='bbox 833 399 1052 482; x_wconf 83' lang='lat' dir='ltr'>complexibus</span> <span class='ocrx_word' id='word_1_12' title='bbox 1075 399 1192 464; x_wconf 57' lang='lat' dir='ltr'>arcet?</span> 
     </span>
    </p>

    <p class='ocr_par' dir='ltr' id='par_1_3' title="bbox 193 491 1112 583">
     <span class='ocr_line' id='line_1_3' title="bbox 193 491 1112 583; baseline 0.008 -29"><span class='ocrx_word' id='word_1_13' title='bbox 193 491 271 555; x_wconf 92' lang='lat' dir='ltr'>haec</span> <span class='ocrx_word' id='word_1_14' title='bbox 292 513 473 557; x_wconf 88' lang='lat' dir='ltr'>memorans</span> <span class='ocrx_word' id='word_1_15' title='bbox 496 493 634 557; x_wconf 89' lang='lat' dir='ltr'>cinerem</span> <span class='ocrx_word' id='word_1_16' title='bbox 657 497 689 557; x_wconf 89' lang='lat' dir='ltr'>et</span> <span class='ocrx_word' id='word_1_17' title='bbox 712 493 837 578; x_wconf 84' lang='lat' dir='ltr'>sopitos</span> <span class='ocrx_word' id='word_1_18' title='bbox 861 495 996 560; x_wconf 86' lang='lat' dir='ltr'>suscitat</span> <span class='ocrx_word' id='word_1_19' title='bbox 1020 497 1112 583; x_wconf 82' lang='lat' dir='ltr'>ignis,</span> 
     </span>
    </p>

    <p class='ocr_par' dir='ltr' id='par_1_4' title="bbox 193 587 1103 675">
     <span class='ocr_line' id='line_1_4' title="bbox 193 587 1103 675; baseline 0.007 -24"><span class='ocrx_word' id='word_1_20' title='bbox 193 587 465 673; x_wconf 85' lang='lat' dir='ltr'>Pergameumque</span> <span class='ocrx_word' id='word_1_21' title='bbox 487 590 588 655; x_wconf 87' lang='lat' dir='ltr'>larem</span> <span class='ocrx_word' id='word_1_22' title='bbox 611 594 643 653; x_wconf 88' lang='lat' dir='ltr'>et</span> <span class='ocrx_word' id='word_1_23' title='bbox 667 611 763 653; x_wconf 86' lang='lat' dir='ltr'>canae</span> <span class='ocrx_word' id='word_1_24' title='bbox 786 591 962 675; x_wconf 89' lang='lat' dir='ltr'>penetralia</span> <span class='ocrx_word' id='word_1_25' title='bbox 985 590 1103 657; x_wconf 80' lang='lat' dir='ltr'>Vestae</span> 
     </span>
    </p>

    <p class='ocr_par' dir='ltr' id='par_1_5' title="bbox 193 685 1197 876">
     <span class='ocr_line' id='line_1_5' title="bbox 193 685 1197 770; baseline 0.004 -22"><span class='ocrx_word' id='word_1_26' title='bbox 193 686 277 749; x_wconf 87' lang='lat' dir='ltr'>farre</span> <span class='ocrx_word' id='word_1_27' title='bbox 300 685 354 769; x_wconf 92' lang='lat' dir='ltr'>pio</span> <span class='ocrx_word' id='word_1_28' title='bbox 378 690 410 765; x_wconf 80' lang='lat' dir='ltr'>et</span> <span class='ocrx_word' id='word_1_29' title='bbox 432 687 526 770; x_wconf 88' lang='lat' dir='ltr'>plena</span> <span class='ocrx_word' id='word_1_30' title='bbox 550 687 685 770; x_wconf 88' lang='lat' dir='ltr'>supplex</span> <span class='ocrx_word' id='word_1_31' title='bbox 707 692 877 752; x_wconf 85' lang='lat' dir='ltr'>veneratur</span> <span class='ocrx_word' id='word_1_32' title='bbox 900 710 1014 752; x_wconf 89' lang='lat' dir='ltr'>acerra.</span> <span class='ocrx_word' id='word_1_33' title='bbox 1149 705 1197 754; x_wconf 73' lang='grc'>745</span> 
     </span>
     <span class='ocr_line' id='line_1_6' title="bbox 238 781 1080 876; baseline 0.002 -30"><span class='ocrx_word' id='word_1_34' title='bbox 238 781 410 866; x_wconf 74' lang='lat' dir='ltr'>Extemplo</span> <span class='ocrx_word' id='word_1_35' title='bbox 434 784 538 848; x_wconf 91' lang='lat' dir='ltr'>socios</span> <span class='ocrx_word' id='word_1_36' title='bbox 561 785 763 868; x_wconf 89' lang='lat' dir='ltr'>primumque</span> <span class='ocrx_word' id='word_1_37' title='bbox 786 783 918 848; x_wconf 87' lang='lat' dir='ltr'>arcessit</span> <span class='ocrx_word' id='word_1_38' title='bbox 940 783 1080 876; x_wconf 61' lang='lat' dir='ltr'>Qess</span> 
     </span>
    </p>

    <p class='ocr_par' dir='ltr' id='par_1_6' title="bbox 195 863 1028 965">
     <span class='ocr_line' id='line_1_7' title="bbox 195 863 1028 965; baseline 0.004 -23"><span class='ocrx_word' id='word_1_39' title='bbox 195 882 227 943; x_wconf 89' lang='lat' dir='ltr'>et</span> <span class='ocrx_word' id='word_1_40' title='bbox 249 878 335 944; x_wconf 83' lang='lat' dir='ltr'>Iovis</span> <span class='ocrx_word' id='word_1_41' title='bbox 359 879 529 965; x_wconf 88' lang='lat' dir='ltr'>imperium</span> <span class='ocrx_word' id='word_1_42' title='bbox 552 884 584 944; x_wconf 91' lang='lat' dir='ltr'>et</span> <span class='ocrx_word' id='word_1_43' title='bbox 607 881 672 944; x_wconf 89' lang='lat' dir='ltr'>cari</span> <span class='ocrx_word' id='word_1_44' title='bbox 695 863 871 964; x_wconf 43' lang='lat' dir='ltr'>praecepta</span> <span class='ocrx_word' id='word_1_45' title='bbox 886 881 1028 964; x_wconf 83' lang='lat' dir='ltr'>parentis</span> 
     </span>
    </p>

    <p class='ocr_par' dir='ltr' id='par_1_7' title="bbox 195 977 1042 1062">
     <span class='ocr_line' id='line_1_8' title="bbox 195 977 1042 1062; baseline 0.004 -22"><span class='ocrx_word' id='word_1_46' title='bbox 195 977 305 1042; x_wconf 86' lang='lat' dir='ltr'>edocet</span> <span class='ocrx_word' id='word_1_47' title='bbox 328 981 360 1042; x_wconf 86' lang='lat' dir='ltr'>et</span> <span class='ocrx_word' id='word_1_48' title='bbox 383 1000 464 1062; x_wconf 89' lang='lat' dir='ltr'>quae</span> <span class='ocrx_word' id='word_1_49' title='bbox 486 999 572 1042; x_wconf 91' lang='lat' dir='ltr'>nunc</span> <span class='ocrx_word' id='word_1_50' title='bbox 594 978 700 1042; x_wconf 88' lang='lat' dir='ltr'>animo</span> <span class='ocrx_word' id='word_1_51' title='bbox 725 978 885 1042; x_wconf 86' lang='lat' dir='ltr'>sententia</span> <span class='ocrx_word' id='word_1_52' title='bbox 907 982 1042 1044; x_wconf 90' lang='lat' dir='ltr'>constet.</span> 
     </span>
    </p>

    <p class='ocr_par' dir='ltr' id='par_1_8' title="bbox 194 1074 1064 1159">
     <span class='ocr_line' id='line_1_9' title="bbox 194 1074 1064 1159; baseline 0.003 -22"><span class='ocrx_word' id='word_1_53' title='bbox 194 1074 275 1138; x_wconf 90' lang='lat' dir='ltr'>haut</span> <span class='ocrx_word' id='word_1_54' title='bbox 296 1096 386 1140; x_wconf 88' lang='lat' dir='ltr'>mora</span> <span class='ocrx_word' id='word_1_55' title='bbox 409 1075 562 1159; x_wconf 84' lang='lat' dir='ltr'>consiliis,</span> <span class='ocrx_word' id='word_1_56' title='bbox 583 1095 642 1138; x_wconf 90' lang='lat' dir='ltr'>nec</span> <span class='ocrx_word' id='word_1_57' title='bbox 664 1075 751 1138; x_wconf 88' lang='lat' dir='ltr'>iussa</span> <span class='ocrx_word' id='word_1_58' title='bbox 774 1079 901 1140; x_wconf 76' lang='lat' dir='ltr'>recusat</span> <span class='ocrx_word' id='word_1_59' title='bbox 923 1075 1064 1140; x_wconf 81' lang='lat' dir='ltr'>Acestes.</span> 
     </span>
    </p>
   </div>
   <div class='ocr_carea' id='block_1_3' title="bbox 195 1171 1274 1255">
    <p class='ocr_par' dir='ltr' id='par_1_9' title="bbox 195 1171 1274 1255">
     <span class='ocr_line' id='line_1_10' title="bbox 195 1171 1274 1255; baseline 0.003 -21"><span class='ocrx_word' id='word_1_60' title='bbox 195 1171 415 1236; x_wconf 84' lang='lat' dir='ltr'>transcribunt</span> <span class='ocrx_word' id='word_1_61' title='bbox 437 1171 512 1235; x_wconf 89' lang='lat' dir='ltr'>urbi</span> <span class='ocrx_word' id='word_1_62' title='bbox 534 1175 653 1236; x_wconf 90' lang='lat' dir='ltr'>matres</span> <span class='ocrx_word' id='word_1_63' title='bbox 677 1171 895 1255; x_wconf 90' lang='lat' dir='ltr'>populumque</span> <span class='ocrx_word' id='word_1_64' title='bbox 917 1171 1078 1237; x_wconf 85' lang='lat' dir='ltr'>volentem</span> <span class='ocrx_word' id='word_1_65' title='bbox 1150 1190 1197 1238; x_wconf 76' lang='lat' dir='ltr'>rso</span> <span class='ocrx_word' id='word_1_66' title='bbox 1273 1245 1274 1250; x_wconf 9' lang='grc' dir='ltr'>η</span> 
     </span>
    </p>
   </div>
   <div class='ocr_carea' id='block_1_4' title="bbox 195 1269 1195 2128">
    <p class='ocr_par' dir='ltr' id='par_1_10' title="bbox 195 1269 1029 1355">
     <span class='ocr_line' id='line_1_11' title="bbox 195 1269 1029 1355; baseline 0.002 -23"><span class='ocrx_word' id='word_1_67' title='bbox 195 1269 368 1355; x_wconf 81' lang='lat' dir='ltr'>deponunt,</span> <span class='ocrx_word' id='word_1_68' title='bbox 391 1270 514 1333; x_wconf 89' lang='lat' dir='ltr'>animos</span> <span class='ocrx_word' id='word_1_69' title='bbox 536 1269 585 1332; x_wconf 90' lang='lat' dir='ltr'>nil</span> <span class='ocrx_word' id='word_1_70' title='bbox 607 1289 741 1352; x_wconf 85' lang='lat' dir='ltr'>magnae</span> <span class='ocrx_word' id='word_1_71' title='bbox 763 1269 867 1333; x_wconf 86' lang='lat' dir='ltr'>laudis</span> <span class='ocrx_word' id='word_1_72' title='bbox 891 1273 1029 1354; x_wconf 85' lang='lat' dir='ltr'>egentes.</span> 
     </span>
    </p>

    <p class='ocr_par' dir='ltr' id='par_1_11' title="bbox 195 1365 1127 1549">
     <span class='ocr_line' id='line_1_12' title="bbox 195 1365 1127 1450; baseline 0 -20"><span class='ocrx_word' id='word_1_73' title='bbox 195 1366 259 1450; x_wconf 90' lang='lat' dir='ltr'>ipsi</span> <span class='ocrx_word' id='word_1_74' title='bbox 281 1370 425 1431; x_wconf 87' lang='lat' dir='ltr'>transtra</span> <span class='ocrx_word' id='word_1_75' title='bbox 445 1370 568 1430; x_wconf 84' lang='lat' dir='ltr'>novant</span> <span class='ocrx_word' id='word_1_76' title='bbox 591 1365 791 1448; x_wconf 88' lang='lat' dir='ltr'>flammisque</span> <span class='ocrx_word' id='word_1_77' title='bbox 815 1366 943 1430; x_wconf 88' lang='lat' dir='ltr'>ambesa</span> <span class='ocrx_word' id='word_1_78' title='bbox 965 1371 1127 1450; x_wconf 89' lang='lat' dir='ltr'>reponunt</span> 
     </span>
     <span class='ocr_line' id='line_1_13' title="bbox 195 1463 1047 1549; baseline -0.001 -21"><span class='ocrx_word' id='word_1_79' title='bbox 195 1464 313 1528; x_wconf 84' lang='lat' dir='ltr'>robora</span> <span class='ocrx_word' id='word_1_80' title='bbox 334 1463 482 1548; x_wconf 80' lang='lat' dir='ltr'>navigiis,</span> <span class='ocrx_word' id='word_1_81' title='bbox 505 1466 617 1546; x_wconf 87' lang='lat' dir='ltr'>aptant</span> <span class='ocrx_word' id='word_1_82' title='bbox 639 1483 808 1546; x_wconf 89' lang='lat' dir='ltr'>remosque</span> <span class='ocrx_word' id='word_1_83' title='bbox 830 1463 1047 1549; x_wconf 83' lang='lat' dir='ltr'>rudentisque‚</span> 
     </span>
    </p>

    <p class='ocr_par' dir='ltr' id='par_1_12' title="bbox 196 1559 922 1646">
     <span class='ocr_line' id='line_1_14' title="bbox 196 1559 922 1646; baseline -0.001 -22"><span class='ocrx_word' id='word_1_84' title='bbox 196 1561 304 1646; x_wconf 81' lang='lat' dir='ltr'>exigui</span> <span class='ocrx_word' id='word_1_85' title='bbox 326 1582 469 1645; x_wconf 87' lang='lat' dir='ltr'>numero,</span> <span class='ocrx_word' id='word_1_86' title='bbox 493 1559 548 1624; x_wconf 89' lang='lat' dir='ltr'>sed</span> <span class='ocrx_word' id='word_1_87' title='bbox 571 1559 656 1623; x_wconf 88' lang='lat' dir='ltr'>bello</span> <span class='ocrx_word' id='word_1_88' title='bbox 680 1559 787 1622; x_wconf 86' lang='lat' dir='ltr'>vivida</span> <span class='ocrx_word' id='word_1_89' title='bbox 811 1559 922 1623; x_wconf 87' lang='lat' dir='ltr'>virtus.</span> 
     </span>
    </p>

    <p class='ocr_par' dir='ltr' id='par_1_13' title="bbox 195 1657 1195 2034">
     <span class='ocr_line' id='line_1_15' title="bbox 195 1657 1195 1741; baseline 0 -19"><span class='ocrx_word' id='word_1_90' title='bbox 195 1659 317 1722; x_wconf 85' lang='lat' dir='ltr'>interea</span> <span class='ocrx_word' id='word_1_91' title='bbox 339 1657 463 1722; x_wconf 89' lang='lat' dir='ltr'>Aeneas</span> <span class='ocrx_word' id='word_1_92' title='bbox 486 1657 599 1720; x_wconf 92' lang='lat' dir='ltr'>urbem</span> <span class='ocrx_word' id='word_1_93' title='bbox 621 1657 769 1741; x_wconf 86' lang='lat' dir='ltr'>designat</span> <span class='ocrx_word' id='word_1_94' title='bbox 793 1662 899 1721; x_wconf 86' lang='lat' dir='ltr'>aratro</span> <span class='ocrx_word' id='word_1_95' title='bbox 1150 1676 1195 1722; x_wconf 73' lang='lat' dir='ltr'>aas</span> 
     </span>
     <span class='ocr_line' id='line_1_16' title="bbox 197 1752 1140 1840; baseline -0.001 -21"><span class='ocrx_word' id='word_1_96' title='bbox 197 1755 395 1838; x_wconf 88' lang='lat' dir='ltr'>sortiturque</span> <span class='ocrx_word' id='word_1_97' title='bbox 418 1755 538 1840; x_wconf 76' lang='lat' dir='ltr'>domos,</span> <span class='ocrx_word' id='word_1_98' title='bbox 560 1753 622 1817; x_wconf 92' lang='lat' dir='ltr'>boc</span> <span class='ocrx_word' id='word_1_99' title='bbox 645 1752 741 1816; x_wconf 88' lang='lat' dir='ltr'>Ilium</span> <span class='ocrx_word' id='word_1_100' title='bbox 764 1757 796 1817; x_wconf 86' lang='lat' dir='ltr'>et</span> <span class='ocrx_word' id='word_1_101' title='bbox 818 1753 896 1817; x_wconf 92' lang='lat' dir='ltr'>haec</span> <span class='ocrx_word' id='word_1_102' title='bbox 917 1753 988 1818; x_wconf 86' lang='lat' dir='ltr'>loca</span> <span class='ocrx_word' id='word_1_103' title='bbox 1011 1753 1140 1818; x_wconf 81' lang='lat' dir='ltr'>Troiam</span> 
     </span>
     <span class='ocr_line' id='line_1_17' title="bbox 197 1849 1018 1938; baseline -0.001 -22"><span class='ocrx_word' id='word_1_104' title='bbox 197 1874 266 1916; x_wconf 93' lang='lat' dir='ltr'>esse</span> <span class='ocrx_word' id='word_1_105' title='bbox 287 1851 386 1916; x_wconf 91' lang='lat' dir='ltr'>iubet.</span> <span class='ocrx_word' id='word_1_106' title='bbox 431 1851 548 1937; x_wconf 84' lang='lat' dir='ltr'>gaudet</span> <span class='ocrx_word' id='word_1_107' title='bbox 571 1871 670 1934; x_wconf 83' lang='lat' dir='ltr'>regno</span> <span class='ocrx_word' id='word_1_108' title='bbox 694 1849 852 1914; x_wconf 85' lang='lat' dir='ltr'>Troianus</span> <span class='ocrx_word' id='word_1_109' title='bbox 875 1849 1018 1938; x_wconf 81' lang='lat' dir='ltr'>Acestes,</span> 
     </span>
     <span class='ocr_line' id='line_1_18' title="bbox 196 1947 1048 2034; baseline -0.002 -20"><span class='ocrx_word' id='word_1_110' title='bbox 196 1949 371 2034; x_wconf 73' lang='lat' dir='ltr'>indicitque</span> <span class='ocrx_word' id='word_1_111' title='bbox 393 1949 499 2013; x_wconf 88' lang='lat' dir='ltr'>forum</span> <span class='ocrx_word' id='word_1_112' title='bbox 522 1953 554 2012; x_wconf 89' lang='lat' dir='ltr'>et</span> <span class='ocrx_word' id='word_1_113' title='bbox 576 1947 724 2032; x_wconf 85' lang='lat' dir='ltr'>patribus</span> <span class='ocrx_word' id='word_1_114' title='bbox 748 1947 802 2011; x_wconf 88' lang='lat' dir='ltr'>dat</span> <span class='ocrx_word' id='word_1_115' title='bbox 825 1947 896 2012; x_wconf 80' lang='lat' dir='ltr'>iura</span> <span class='ocrx_word' id='word_1_116' title='bbox 918 1949 1048 2012; x_wconf 76' lang='lat' dir='ltr'>vocatis.</span> 
     </span>
    </p>

    <p class='ocr_par' dir='ltr' id='par_1_14' title="bbox 196 2044 990 2128">
     <span class='ocr_line' id='line_1_19' title="bbox 196 2044 990 2128; baseline -0.001 -18"><span class='ocrx_word' id='word_1_117' title='bbox 196 2050 267 2110; x_wconf 87' lang='lat' dir='ltr'>tum</span> <span class='ocrx_word' id='word_1_118' title='bbox 289 2046 393 2110; x_wconf 84' lang='lat' dir='ltr'>vicina</span> <span class='ocrx_word' id='word_1_119' title='bbox 419 2045 514 2110; x_wconf 89' lang='lat' dir='ltr'>astris</span> <span class='ocrx_word' id='word_1_120' title='bbox 537 2044 678 2128; x_wconf 84' lang='lat' dir='ltr'>Erycino</span> <span class='ocrx_word' id='word_1_121' title='bbox 702 2045 737 2108; x_wconf 92' lang='lat' dir='ltr'>in</span> <span class='ocrx_word' id='word_1_122' title='bbox 759 2045 877 2109; x_wconf 87' lang='lat' dir='ltr'>vertice</span> <span class='ocrx_word' id='word_1_123' title='bbox 902 2045 990 2109; x_wconf 88' lang='lat' dir='ltr'>sedes</span> 
     </span>
    </p>
   </div>
   <div class='ocr_carea' id='block_1_5' title="bbox 196 2105 1273 2226">
    <p class='ocr_par' dir='ltr' id='par_1_15' title="bbox 196 2105 1273 2226">
     <span class='ocr_line' id='line_1_20' title="bbox 196 2105 1273 2226; baseline 0.001 -18"><span class='ocrx_word' id='word_1_124' title='bbox 196 2143 350 2208; x_wconf 89' lang='lat' dir='ltr'>fundatur</span> <span class='ocrx_word' id='word_1_125' title='bbox 372 2141 489 2207; x_wconf 91' lang='lat' dir='ltr'>Veneri</span> <span class='ocrx_word' id='word_1_126' title='bbox 510 2141 639 2226; x_wconf 82' lang='lat' dir='ltr'>Idaliae,</span> <span class='ocrx_word' id='word_1_127' title='bbox 661 2142 851 2225; x_wconf 90' lang='lat' dir='ltr'>tumuloque</span> <span class='ocrx_word' id='word_1_128' title='bbox 874 2143 1021 2206; x_wconf 86' lang='lat' dir='ltr'>sacerdos</span> <span class='ocrx_word' id='word_1_129' title='bbox 1152 2162 1196 2209; x_wconf 74' lang='lat' dir='ltr'>roo</span> <span class='ocrx_word' id='word_1_130' title='bbox 1272 2105 1273 2146; x_wconf 31' lang='lat' dir='ltr'>A</span> 
     </span>
    </p>
   </div>
   <div class='ocr_carea' id='block_1_6' title="bbox 137 2237 1194 3590">
    <p class='ocr_par' dir='ltr' id='par_1_16' title="bbox 197 2237 886 2306">
     <span class='ocr_line' id='line_1_21' title="bbox 197 2237 886 2306; baseline -0.001 -2"><span class='ocrx_word' id='word_1_131' title='bbox 197 2263 233 2306; x_wconf 88' lang='lat' dir='ltr'>ac</span> <span class='ocrx_word' id='word_1_132' title='bbox 254 2241 345 2304; x_wconf 89' lang='lat' dir='ltr'>lucus</span> <span class='ocrx_word' id='word_1_133' title='bbox 368 2240 434 2304; x_wconf 88' lang='lat' dir='ltr'>late</span> <span class='ocrx_word' id='word_1_134' title='bbox 457 2261 544 2303; x_wconf 86' lang='lat' dir='ltr'>sacer</span> <span class='ocrx_word' id='word_1_135' title='bbox 567 2239 695 2302; x_wconf 89' lang='lat' dir='ltr'>additur</span> <span class='ocrx_word' id='word_1_136' title='bbox 716 2237 886 2304; x_wconf 88' lang='lat' dir='ltr'>Anchiseo.</span> 
     </span>
    </p>

    <p class='ocr_par' dir='ltr' id='par_1_17' title="bbox 137 2335 1194 3590">
     <span class='ocr_line' id='line_1_22' title="bbox 240 2335 1132 2422; baseline 0.002 -22"><span class='ocrx_word' id='word_1_137' title='bbox 240 2337 372 2420; x_wconf 88' lang='lat' dir='ltr'>Iamque</span> <span class='ocrx_word' id='word_1_138' title='bbox 394 2336 461 2400; x_wconf 85' lang='lat' dir='ltr'>dies</span> <span class='ocrx_word' id='word_1_139' title='bbox 485 2335 613 2419; x_wconf 89' lang='lat' dir='ltr'>epulata</span> <span class='ocrx_word' id='word_1_140' title='bbox 634 2357 750 2399; x_wconf 89' lang='lat' dir='ltr'>novem</span> <span class='ocrx_word' id='word_1_141' title='bbox 773 2358 851 2422; x_wconf 81' lang='lat' dir='ltr'>gens</span> <span class='ocrx_word' id='word_1_142' title='bbox 875 2337 989 2422; x_wconf 88' lang='lat' dir='ltr'>omnis,</span> <span class='ocrx_word' id='word_1_143' title='bbox 1012 2342 1044 2402; x_wconf 84' lang='lat' dir='ltr'>et</span> <span class='ocrx_word' id='word_1_144' title='bbox 1069 2339 1132 2402; x_wconf 90' lang='lat' dir='ltr'>aris</span> 
     </span>
     <span class='ocr_line' id='line_1_23' title="bbox 195 2432 1068 2518; baseline -0.002 -19"><span class='ocrx_word' id='word_1_145' title='bbox 195 2436 300 2499; x_wconf 89' lang='lat' dir='ltr'>factus</span> <span class='ocrx_word' id='word_1_146' title='bbox 322 2434 438 2498; x_wconf 89' lang='lat' dir='ltr'>honos:</span> <span class='ocrx_word' id='word_1_147' title='bbox 462 2432 578 2517; x_wconf 91' lang='lat' dir='ltr'>placidi</span> <span class='ocrx_word' id='word_1_148' title='bbox 601 2436 784 2496; x_wconf 87' lang='lat' dir='ltr'>straverunt</span> <span class='ocrx_word' id='word_1_149' title='bbox 808 2455 946 2517; x_wconf 87' lang='lat' dir='ltr'>aequora</span> <span class='ocrx_word' id='word_1_150' title='bbox 968 2435 1068 2518; x_wconf 82' lang='lat' dir='ltr'>venti,</span> 
     </span>
     <span class='ocr_line' id='line_1_24' title="bbox 196 2530 1123 2614; baseline 0 -18"><span class='ocrx_word' id='word_1_151' title='bbox 196 2533 305 2597; x_wconf 87' lang='lat' dir='ltr'>creber</span> <span class='ocrx_word' id='word_1_152' title='bbox 328 2536 360 2595; x_wconf 88' lang='lat' dir='ltr'>et</span> <span class='ocrx_word' id='word_1_153' title='bbox 383 2531 548 2614; x_wconf 87' lang='lat' dir='ltr'>adspirans</span> <span class='ocrx_word' id='word_1_154' title='bbox 572 2551 683 2592; x_wconf 89' lang='lat' dir='ltr'>rursus</span> <span class='ocrx_word' id='word_1_155' title='bbox 707 2534 799 2594; x_wconf 86' lang='lat' dir='ltr'>vocat</span> <span class='ocrx_word' id='word_1_156' title='bbox 823 2533 932 2594; x_wconf 86' lang='lat' dir='ltr'>auster</span> <span class='ocrx_word' id='word_1_157' title='bbox 955 2530 990 2592; x_wconf 92' lang='lat' dir='ltr'>in</span> <span class='ocrx_word' id='word_1_158' title='bbox 1013 2531 1123 2596; x_wconf 89' lang='lat' dir='ltr'>altum.</span> 
     </span>
     <span class='ocr_line' id='line_1_25' title="bbox 189 2617 1194 2713; baseline -0.006 -19"><span class='ocrx_word' id='word_1_159' title='bbox 189 2617 340 2694; x_wconf 86' lang='lat' dir='ltr'>¹exoritur</span> <span class='ocrx_word' id='word_1_160' title='bbox 361 2650 518 2713; x_wconf 79' lang='lat' dir='ltr'>procurva</span> <span class='ocrx_word' id='word_1_161' title='bbox 540 2628 654 2712; x_wconf 83' lang='lat' dir='ltr'>ingens</span> <span class='ocrx_word' id='word_1_162' title='bbox 677 2649 733 2709; x_wconf 89' lang='lat' dir='ltr'>per</span> <span class='ocrx_word' id='word_1_163' title='bbox 755 2628 853 2691; x_wconf 87' lang='lat' dir='ltr'>litora</span> <span class='ocrx_word' id='word_1_164' title='bbox 875 2626 984 2712; x_wconf 80' lang='lat' dir='ltr'>fletus3</span> <span class='ocrx_word' id='word_1_165' title='bbox 1151 2649 1194 2696; x_wconf 70' lang='lat' dir='ltr'>aaa</span> 
     </span>
     <span class='ocr_line' id='line_1_26' title="bbox 137 2725 1097 2810; baseline -0.001 -19"><span class='ocrx_word' id='word_1_166' title='bbox 137 2785 142 2807; x_wconf 75' lang='grc'><strong>,</strong></span> <span class='ocrx_word' id='word_1_167' title='bbox 196 2727 354 2810; x_wconf 91' lang='lat' dir='ltr'>complexi</span> <span class='ocrx_word' id='word_1_168' title='bbox 376 2726 461 2790; x_wconf 86' lang='lat' dir='ltr'>inter</span> <span class='ocrx_word' id='word_1_169' title='bbox 485 2747 518 2788; x_wconf 92' lang='lat' dir='ltr'>se</span> <span class='ocrx_word' id='word_1_170' title='bbox 540 2728 729 2807; x_wconf 90' lang='lat' dir='ltr'>noctemque</span> <span class='ocrx_word' id='word_1_171' title='bbox 753 2725 898 2807; x_wconf 88' lang='lat' dir='ltr'>diemque</span> <span class='ocrx_word' id='word_1_172' title='bbox 920 2730 1097 2790; x_wconf 90' lang='lat' dir='ltr'>morantur.</span> 
     </span>
     <span class='ocr_line' id='line_1_27' title="bbox 139 2818 1079 2906; baseline 0 -20"><span class='ocrx_word' id='word_1_173' title='bbox 139 2818 143 2857; x_wconf 69' lang='lat'>³</span> <span class='ocrx_word' id='word_1_174' title='bbox 196 2824 284 2906; x_wconf 86' lang='lat' dir='ltr'>ipsae</span> <span class='ocrx_word' id='word_1_175' title='bbox 306 2823 370 2886; x_wconf 89' lang='lat' dir='ltr'>iam</span> <span class='ocrx_word' id='word_1_176' title='bbox 393 2825 521 2906; x_wconf 80' lang='lat' dir='ltr'>matres,</span> <span class='ocrx_word' id='word_1_177' title='bbox 544 2821 616 2906; x_wconf 84' lang='lat' dir='ltr'>ipsi,</span> <span class='ocrx_word' id='word_1_178' title='bbox 639 2821 756 2905; x_wconf 90' lang='lat' dir='ltr'>quibus</span> <span class='ocrx_word' id='word_1_179' title='bbox 781 2844 892 2905; x_wconf 89' lang='lat' dir='ltr'>aspera</span> <span class='ocrx_word' id='word_1_180' title='bbox 916 2822 1079 2904; x_wconf 89' lang='lat' dir='ltr'>quondam</span> 
     </span>
     <span class='ocr_line' id='line_1_28' title="bbox 195 2919 988 3007; baseline -0.001 -23"><span class='ocrx_word' id='word_1_181' title='bbox 195 2921 265 2984; x_wconf 77' lang='lat' dir='ltr'>visa</span> <span class='ocrx_word' id='word_1_182' title='bbox 287 2920 385 2984; x_wconf 88' lang='lat' dir='ltr'>maris</span> <span class='ocrx_word' id='word_1_183' title='bbox 409 2919 505 2983; x_wconf 88' lang='lat' dir='ltr'>facies</span> <span class='ocrx_word' id='word_1_184' title='bbox 529 2923 560 2982; x_wconf 90' lang='lat' dir='ltr'>et</span> <span class='ocrx_word' id='word_1_185' title='bbox 582 2940 649 2982; x_wconf 90' lang='lat' dir='ltr'>non</span> <span class='ocrx_word' id='word_1_186' title='bbox 671 2919 839 2983; x_wconf 89' lang='lat' dir='ltr'>tolerabile</span> <span class='ocrx_word' id='word_1_187' title='bbox 856 2940 988 3007; x_wconf 41' lang='lat' dir='ltr'>perp-ep,</span> 
     </span>
     <span class='ocr_line' id='line_1_29' title="bbox 196 3016 1045 3107; baseline -0.001 -27"><span class='ocrx_word' id='word_1_188' title='bbox 196 3018 243 3080; x_wconf 90' lang='lat' dir='ltr'>ire</span> <span class='ocrx_word' id='word_1_189' title='bbox 265 3017 379 3080; x_wconf 88' lang='lat' dir='ltr'>volunt</span> <span class='ocrx_word' id='word_1_190' title='bbox 403 3037 592 3098; x_wconf 91' lang='lat' dir='ltr'>omnemque</span> <span class='ocrx_word' id='word_1_191' title='bbox 615 3016 710 3099; x_wconf 85' lang='lat' dir='ltr'>fugae</span> <span class='ocrx_word' id='word_1_192' title='bbox 732 3017 871 3098; x_wconf 87' lang='lat' dir='ltr'>perferre</span> <span class='ocrx_word' id='word_1_193' title='bbox 893 3016 1045 3107; x_wconf 65' lang='lat' dir='ltr'>laborem.</span> 
     </span>
     <span class='ocr_line' id='line_1_30' title="bbox 197 3112 1194 3198; baseline 0.002 -20"><span class='ocrx_word' id='word_1_194' title='bbox 197 3136 278 3198; x_wconf 91' lang='lat' dir='ltr'>quos</span> <span class='ocrx_word' id='word_1_195' title='bbox 302 3114 405 3178; x_wconf 91' lang='lat' dir='ltr'>bonus</span> <span class='ocrx_word' id='word_1_196' title='bbox 428 3112 552 3177; x_wconf 87' lang='lat' dir='ltr'>Aeneas</span> <span class='ocrx_word' id='word_1_197' title='bbox 576 3113 669 3176; x_wconf 89' lang='lat' dir='ltr'>dictis</span> <span class='ocrx_word' id='word_1_198' title='bbox 694 3113 817 3177; x_wconf 90' lang='lat' dir='ltr'>solatur</span> <span class='ocrx_word' id='word_1_199' title='bbox 841 3114 950 3177; x_wconf 89' lang='lat' dir='ltr'>amicis</span> <span class='ocrx_word' id='word_1_200' title='bbox 1149 3133 1194 3180; x_wconf 68' lang='lat' dir='ltr'>rto</span> 
     </span>
     <span class='ocr_line' id='line_1_31' title="bbox 196 3211 1070 3295; baseline -0.003 -19"><span class='ocrx_word' id='word_1_201' title='bbox 196 3218 228 3276; x_wconf 89' lang='lat' dir='ltr'>et</span> <span class='ocrx_word' id='word_1_202' title='bbox 252 3211 488 3295; x_wconf 84' lang='lat' dir='ltr'>consanguineo</span> <span class='ocrx_word' id='word_1_203' title='bbox 512 3211 682 3274; x_wconf 89' lang='lat' dir='ltr'>lacrimans</span> <span class='ocrx_word' id='word_1_204' title='bbox 706 3212 904 3274; x_wconf 89' lang='lat' dir='ltr'>commendat</span> <span class='ocrx_word' id='word_1_205' title='bbox 927 3211 1070 3274; x_wconf 87' lang='lat' dir='ltr'>Acestae.</span> 
     </span>
     <span class='ocr_line' id='line_1_32' title="bbox 196 3307 998 3394; baseline 0 -22"><span class='ocrx_word' id='word_1_206' title='bbox 196 3309 256 3372; x_wconf 90' lang='lat' dir='ltr'>tris</span> <span class='ocrx_word' id='word_1_207' title='bbox 280 3308 378 3391; x_wconf 82' lang='lat' dir='ltr'>Eryci</span> <span class='ocrx_word' id='word_1_208' title='bbox 401 3308 520 3372; x_wconf 89' lang='lat' dir='ltr'>vitulos</span> <span class='ocrx_word' id='word_1_209' title='bbox 544 3312 576 3372; x_wconf 88' lang='lat' dir='ltr'>et</span> <span class='ocrx_word' id='word_1_210' title='bbox 599 3307 858 3390; x_wconf 88' lang='lat' dir='ltr'>Tempestatibus</span> <span class='ocrx_word' id='word_1_211' title='bbox 882 3329 998 3394; x_wconf 82' lang='lat' dir='ltr'>agnam</span> 
     </span>
     <span class='ocr_line' id='line_1_33' title="bbox 196 3405 1075 3488; baseline 0.001 -20"><span class='ocrx_word' id='word_1_212' title='bbox 196 3405 324 3469; x_wconf 88' lang='lat' dir='ltr'>caedere</span> <span class='ocrx_word' id='word_1_213' title='bbox 347 3405 458 3468; x_wconf 89' lang='lat' dir='ltr'>deinde</span> <span class='ocrx_word' id='word_1_214' title='bbox 481 3405 571 3469; x_wconf 92' lang='lat' dir='ltr'>iubet</span> <span class='ocrx_word' id='word_1_215' title='bbox 594 3405 738 3488; x_wconf 85' lang='lat' dir='ltr'>solvique</span> <span class='ocrx_word' id='word_1_216' title='bbox 762 3427 800 3468; x_wconf 89' lang='lat' dir='ltr'>ex</span> <span class='ocrx_word' id='word_1_217' title='bbox 825 3406 935 3469; x_wconf 90' lang='lat' dir='ltr'>ordine</span> <span class='ocrx_word' id='word_1_218' title='bbox 957 3405 1075 3469; x_wconf 88' lang='lat' dir='ltr'>funem.</span> 
     </span>
     <span class='ocr_line' id='line_1_34' title="bbox 196 3501 935 3590; baseline 0.004 -25"><span class='ocrx_word' id='word_1_219' title='bbox 196 3503 265 3585; x_wconf 91' lang='lat' dir='ltr'>ipse</span> <span class='ocrx_word' id='word_1_220' title='bbox 289 3505 384 3584; x_wconf 86' lang='lat' dir='ltr'>caput</span> <span class='ocrx_word' id='word_1_221' title='bbox 408 3505 520 3563; x_wconf 89' lang='lat' dir='ltr'>tonsae</span> <span class='ocrx_word' id='word_1_222' title='bbox 542 3501 630 3564; x_wconf 88' lang='lat' dir='ltr'>foliis</span> <span class='ocrx_word' id='word_1_223' title='bbox 654 3503 798 3567; x_wconf 85' lang='lat' dir='ltr'>evinctus</span> <span class='ocrx_word' id='word_1_224' title='bbox 822 3504 935 3590; x_wconf 81' lang='lat' dir='ltr'>olivae,</span> 
     </span>
    </p>
   </div>
   <div class='ocr_carea' id='block_1_7' title="bbox 0 0 1297 3970">
    <p class='ocr_par' dir='ltr' id='par_1_18' title="bbox 0 0 1297 3970">
     <span class='ocr_line' id='line_1_35' title="bbox 0 0 1297 3970; baseline 0 0"><span class='ocrx_word' id='word_1_225' title='bbox 0 0 1297 3970; x_wconf 95' lang='lat' dir='ltr'> </span> 
     </span>
    </p>
   </div>
  </div>
 </body>
</html>
