2538 3970
199 224 263 286 272
519 221 667 277 VERGILI
685 220 817 276 AENEIS
836 221 888 274 V11

199 389 233 448 at
256 385 363 450 [lhivia
385 383 600 467 Hippolytum
624 383 754 446 secretis
779 383 862 446 alma
884 383 1028 447 recondit

201 481 328 546 sedibus
352 485 385 544 et
407 480 567 564 nymphae
590 479 728 564 Egeriae
749 479 938 563 nemorique
959 479 1089 564 relegat,
1146 494 1199 543 luc

201 580 288 644 solus
312 579 369 642 ubi
391 578 426 641 in
450 578 539 642 silvis
562 577 655 640 Italis
678 575 831 661 ignobilis
856 597 967 639 aevom

201 676 343 761 exigeret
365 697 522 759 versoque
544 674 602 738 ubi
624 673 754 739 nomine
777 670 911 736 Virbius
934 676 1027 736 esset.

200 774 282 836 unde
306 773 403 836 etiam
425 772 545 854 templo
570 771 696 834 Triviae
719 769 863 852 lucisque
887 770 1021 834 sacratis

200 868 384 951 cornipedes
408 873 556 932 arcentur
579 868 663 954 equi,
685 868 771 951 quod
793 867 889 932 litore
912 889 1041 931 currum

201 969 233 1028 et
255 966 401 1030 iuvenem
423 963 577 1028 monstris
600 964 707 1048 pavidi
731 963 868 1028 effudere
890 965 1032 1028 marinis.
1151 982 1202 1029 780

200 1061 286 1126 filius
310 1062 451 1128 ardentis
474 1061 554 1125 haut
578 1061 677 1125 setius
702 1081 838 1146 aequore
861 1061 964 1144 campi

200 1159 366 1223 exercebat
389 1179 489 1241 equos
513 1179 670 1242 curruque
693 1158 728 1222 in
750 1158 835 1222 bella
857 1158 979 1222 ruebat.

243 1255 317 1339 Ipse
339 1256 423 1319 inter
446 1257 568 1339 primos
591 1255 770 1338 praestanti
792 1276 925 1339 corpore
947 1253 1075 1319 Turnus

200 1352 337 1417 vertitur
361 1373 448 1415 arma
470 1354 582 1416 tenens
607 1357 638 1415 et
661 1355 732 1415 toto
757 1352 874 1416 vertice
898 1373 995 1435 supra
1018 1355 1075 1416 est.

201 1449 251 1513 cui
274 1449 394 1532 triplici
417 1449 533 1512 crinita
555 1448 632 1512 iuba
655 1449 746 1533 galea
770 1449 835 1511 alta
858 1446 1058 1512 Chimaeram
1151 1465 1205 1515 785

202 1547 349 1631 sustinet,
372 1545 534 1610 Aetnaeos
558 1546 720 1611 efflantem
743 1544 888 1608 faucibus
911 1545 1010 1630 ignis:

201 1645 268 1705 tam
290 1642 392 1726 magis
416 1641 473 1705 illa
495 1642 632 1706 fremens
657 1647 689 1708 et
711 1643 861 1706 tristibus
886 1641 981 1706 effera
1003 1641 1152 1728 flammis,

202 1760 298 1821 quam
321 1739 423 1823 magis
447 1739 547 1804 effuso
572 1740 761 1804 crudescunt
785 1739 940 1824 sanguine
963 1760 1096 1824 pugnae.

202 1840 236 1898 at
258 1836 360 1899 levem
383 1837 518 1918 clipeum
543 1835 679 1900 sublatis
702 1837 852 1901 cornibus
874 1835 911 1900 Io

202 1954 279 1997 auro
303 1933 490 2018 insignibat,
512 1934 577 1997 iam
600 1934 697 1998 sactis
721 1933 837 2017 obsita,
858 1933 923 1997 iam
945 1933 1005 1998 bos
1152 1951 1207 1999 '190

202 2028 441 2116 (argumentum
463 2029 602 2116 ingens),
626 2035 658 2093 et
681 2035 789 2095 custos
811 2030 947 2114 uirginis
970 2030 1089 2116 Argus,

202 2128 384 2210 caelataque
407 2149 533 2192 amnem
555 2127 690 2191 fundens
713 2131 805 2211 pater
826 2126 964 2191 Inachus
988 2150 1076 2191 urna.

201 2225 382 2308 insequitur
404 2223 533 2288 nimbus
556 2225 699 2308 peditum
724 2225 921 2308 clipeataque
944 2224 1023 2289 totis

202 2322 329 2406 agmina
352 2321 525 2384 densentur
549 2321 677 2405 campis,
699 2319 884 2404 Argivaque
906 2321 1007 2403 pubes

201 2418 433 2500 Auruncaeque
454 2439 578 2504 manus,
600 2417 714 2481 Rutuli
738 2423 924 2501 veteresque
943 2414 1050 2480 Sicani
1153 2435 1207 2484 795

104 2530 109 2556 ¹
202 2519 233 2580 et
257 2512 411 2578 Sacranae
435 2513 517 2577 acics
540 2517 573 2578 et
595 2515 674 2597 picti
698 2520 787 2579 scuta
809 2514 933 2598 Labici;

202 2613 258 2696 qui
281 2613 393 2697 saltus,
416 2610 574 2696 Tiberine,
596 2615 671 2676 tuos
695 2633 882 2696 sacrumque
905 2610 1035 2676 Numici

200 2710 279 2774 litus
303 2711 395 2772 arant
418 2705 621 2791 Rutulosque
644 2714 792 2773 exercent
814 2732 940 2775 vomere
963 2710 1060 2774 colles

202 2805 429 2887 Circaeumque
452 2804 573 2890 iugum,
597 2805 668 2888 quis
692 2804 836 2889 luppiter
859 2807 1012 2871 Anxurus
1035 2807 1123 2872 arxis

201 2903 361 2986 praesidet
384 2906 416 2964 et
438 2901 533 2964 viridi
557 2901 697 2985 gaudens
721 2901 856 2968 Feronia
879 2905 965 2989 luc03
1156 2923 1207 2970 800
1263 2937 1264 2950 ¹

202 3021 264 3082 qua
288 2997 421 3062 Saturae
444 2999 526 3062 iacet
550 3003 619 3062 atra
642 3000 734 3081 palus
759 3002 945 3085 gelidusque
968 3001 1134 3085 perimas

202 3096 326 3178 quaerit
348 3095 410 3158 iter
433 3095 526 3159 vallis
550 3099 646 3178 atque
668 3096 704 3159 in
726 3118 812 3160 mare
835 3097 983 3160 conditur
1004 3094 1119 3161 Ufens.

245 3192 315 3256 Hos
339 3215 435 3275 super
458 3193 585 3257 advenit
608 3192 727 3257 Volsca
750 3193 787 3256 de
810 3196 905 3276 gente
929 3191 1066 3258 Camilla

202 3311 317 3375 agmen
340 3310 437 3374 agens
461 3290 606 3372 equitum
630 3293 661 3354 et
684 3289 829 3354 florentis
853 3311 923 3354 aere
947 3293 1105 3377 catervae,

200 3385 361 3472 bellatrix,
383 3406 449 3449 non
471 3387 528 3450 illa
551 3387 620 3452 colo
648 3387 821 3452 calathisve
844 3385 1006 3452 Minervae
1159 3405 1207 3456 coc
1261 3415 1262 3418 ¹

199 3484 353 3550 femineas
378 3482 509 3547 adsueta
531 3507 655 3574 manus,
679 3485 732 3550 sed
756 3485 878 3570 proelia
900 3486 992 3571 virgo
