2576 3970
428 269 573 324 VERGILI
591 271 723 326 AENEIS
744 273 766 325 V

90 433 121 491 et
143 428 228 494 iacit.
275 435 415 496 arrectae
437 437 560 496 mentes
584 435 826 519 stupefactaque
849 435 943 499 corda

89 524 235 592 Iliadum.
281 526 334 592 hic
356 551 421 592 una
443 551 460 592 e
483 529 604 615 multis,
628 552 709 613 quae
731 533 869 596 maxima
891 536 980 617 natu,

89 620 207 708 Pyrgo,
230 627 281 688 tot
304 623 425 689 Priami
447 629 598 690 natorum
621 627 710 711 regia
731 628 842 691 nutrix
1046 645 1097 694 141

91 719 165 783 ‘non
188 719 290 786 Beroe
312 723 416 809 vobis,
436 744 504 787 non
524 722 603 786 haec
625 721 791 810 Rhoeteia,
815 728 944 810 matres,

90 821 137 880 est
160 817 294 902 Dorycli
317 819 469 883 coniunx:
493 818 594 882 divini
617 820 709 904 signa
732 821 854 885 decoris

90 913 295 998 ardentisque
316 919 429 980 notate
451 916 571 1001 oculos,
594 917 650 1000 qui
673 918 807 1001 spiritus
829 919 888 1004 illi,

91 1011 161 1094 quis
184 1012 294 1076 voltus
317 1013 468 1096 vocisque
492 1034 590 1076 sonus
612 1014 664 1077 vel
687 1035 816 1099 gressus
840 1014 937 1080 eunti.

89 1107 158 1190 ipsa
182 1111 311 1192 egomet
334 1109 454 1173 dudum
477 1108 601 1172 Bero'e'n
624 1109 768 1195 digressa
791 1113 907 1196 reliqui
1045 1127 1096 1176 650

90 1226 227 1291 aegram,
249 1205 481 1292 indignantem,
502 1207 562 1270 tali
585 1209 671 1292 qnod
694 1209 764 1271 sola
786 1213 907 1273 careret

89 1324 219 1366 munere
242 1325 300 1368 neo
322 1303 455 1366 meritos
478 1301 640 1369 Anchisae
661 1305 795 1370 inferret
817 1306 975 1370 honores’

90 1399 164 1465 haec
187 1400 292 1465 effata.

90 1501 122 1560 at
143 1501 265 1562 matres
288 1497 393 1581 primo
417 1499 572 1582 ancipites
596 1499 760 1582 oculisque
782 1499 933 1584 malignis
1126 1477 1133 1562 l

91 1595 258 1680 ambiguae
282 1599 424 1678 spectare
447 1599 532 1660 rates
555 1597 709 1660 miserum
731 1596 817 1659 inter
839 1618 980 1661 amorem
1044 1613 1094 1662 111
1157 1608 1167 1618 ”

90 1693 267 1775 praesentis
290 1696 395 1757 terrae
416 1693 557 1777 fatisque
578 1693 727 1757 vocantia
748 1713 859 1777 regna:

91 1813 159 1854 cnm
181 1791 242 1853 dea
266 1811 299 1852 11
321 1790 454 1873 paribus
477 1812 533 1873 per
556 1791 678 1854 caelum
702 1791 834 1854 sustulit
857 1791 917 1854 alis

90 1887 315 1973 ingentemque
338 1887 416 1970 fuga
439 1887 540 1951 secuit
563 1887 623 1950 sub
646 1887 788 1951 nubibus
812 1910 927 1953 arcum.

91 1989 156 2048 tum
178 2005 257 2047 vero
281 1984 438 2048 attonitae
461 1984 615 2048 monstris
640 1987 790 2068 actaeque
812 1984 920 2050 furore

91 2082 289 2146 conclamant
311 2082 504 2164 rapiuntque
527 2081 607 2146 focis
630 2082 849 2164 penetralibus
872 2084 989 2168 ignem,
1044 2102 1095 2150 oco

92 2200 161 2260 pars
184 2177 329 2261 spoliant
352 2201 434 2263 aras,
455 2178 601 2242 frondem
625 2200 661 2242 11
683 2180 825 2263 virgulta
847 2179 994 2264 facesque

92 2275 259 2340 coniciunt.
305 2275 385 2339 furit
406 2275 559 2340 immissis
583 2273 745 2340 Volcanus
768 2276 903 2341 habenis

92 2377 231 2438 transtra
253 2393 310 2455 per
332 2375 365 2435 et
381 2393 492 2436 ,remos
515 2375 547 2435 et
570 2372 673 2454 pictas
697 2373 802 2438 abiete
824 2375 950 2457 puppis.

92 2469 222 2534 nuntius
244 2467 404 2533 Anchisae
428 2469 468 2532 ad
489 2469 651 2533 tumulum
673 2491 854 2552 cuneosque
877 2471 996 2536 theatri

93 2567 234 2631 incensas
256 2565 376 2648 perfert
397 2566 489 2630 navis
511 2565 676 2650 Eumelus,
698 2572 731 2632 11
753 2568 817 2651 ipsi
1043 2589 1094 2637 aaa

92 2665 263 2748 respiciunt
286 2666 389 2726 atram
412 2663 446 2726 11
468 2662 578 2726 nimbo
602 2663 739 2726 volitare
760 2663 911 2728 favillam.

93 2762 210 2843 primus
234 2764 267 2823 et
289 2757 457 2844 Ascanius,
479 2781 591 2823 cursus
614 2763 651 2823 ut
673 2761 777 2824 laetus
801 2762 958 2844 equestris

93 2857 233 2943 ducebat,
256 2857 302 2920 111
325 2878 396 2920 1111
418 2878 500 2940 equo
523 2857 655 2920 turbata
678 2858 794 2939 petivit

94 2959 201 3041 eastra,
223 2976 283 3018 nec
305 2953 466 3017 exanimes
489 2959 626 3036 possunt
648 2954 786 3018 retinere
808 2953 964 3039 magistri.

95 3051 171 3135 ‘quis
183 3053 275 3117 furor
284 3051 347 3114 1111
355 3051 479 3115 novos?
495 3072 661 3136 quonune,
676 3073 739 3134 quo
750 3051 894 3114 tenditis'
904 3052 1019 3139 inquit,
1043 3072 1095 3120 611

95 3147 162 3214 ‘heu
182 3149 319 3213 miserae
342 3147 448 3210 cives?
470 3169 537 3211 non
558 3147 686 3214 hostem
708 3148 900 3231 inimicaque
924 3156 1027 3215 111111

94 3243 252 3332 Argivom,
274 3248 398 3309 vestras
422 3267 494 3327 spes
517 3247 620 3310 uritis.
667 3268 715 3330 en,
738 3266 797 3329 ego
821 3251 926 3310 vester

94 3340 269 3407 Ascaniust’
294 3342 418 3426 galeam
441 3343 631 3428 antepedes
654 3342 789 3426 proiecit
812 3343 948 3428 inanem,

95 3459 151 3520 qua
172 3440 247 3504 ludo
271 3439 403 3502 indutus
427 3438 504 3503 belli
527 3440 696 3504 simulacra
718 3440 830 3504 ciebat.

95 3537 239 3602 accelerat
263 3537 360 3601 simul
382 3535 516 3622 Aeneas,
539 3537 636 3600 simul
659 3538 786 3620 agmina
809 3536 987 3630 Teucrum.⁸
1043 3554 1094 3604 611
