2576 3970
445 205 592 260 VERGILI
609 206 741 260 Annnrs
759 205 786 260 V
1051 206 1116 271 205

100 372 177 432 tum
199 369 291 432 laeva
313 372 443 433 taurum
466 389 565 432 cornu
588 371 677 432 tenet
700 371 796 451 atque
819 368 866 431 ita
889 368 989 432 fatur:

101 467 194 530 ‘nate
217 466 285 551 dea,
309 466 454 530 sinemo
478 465 573 528 audet
596 487 630 528 se
653 465 779 530 credere
801 485 937 550 pugnae,

101 585 188 646 quae
210 563 285 626 finis
310 563 439 628 standi?
463 583 527 646 quo
550 583 601 626 me
624 562 711 625 decet
734 583 836 646 usque
858 561 982 625 teneri?

100 661 220 724 ducere
243 660 326 724 dona
347 658 444 723 iube'
490 659 597 722 cuncti
619 658 715 722 simul
738 679 792 720 ore
814 657 993 721 fremebant
1063 673 1114 724 385

100 757 307 821 Dardanidae
331 757 483 839 reddique
504 755 574 819 viro
597 755 755 838 promissa
777 753 938 818 iubebant.

100 853 158 917 hic
183 854 289 938 gravis
313 852 480 916 Entellum
503 851 596 916 dictis
620 852 757 936 castigat
778 848 921 935 Acestes,

101 951 273 1033 proximus
296 954 333 1012 ut
355 949 513 1014 viridante
537 953 609 1012 toro
634 947 819 1012 consederat
841 947 972 1013 herbae:

102 1046 257 1130 ‘Entella
279 1044 414 1109 heroum
438 1044 599 1128 quondam
620 1043 796 1108 fortissime
818 1044 949 1130 frustra,

101 1145 239 1206 tantane
262 1145 330 1204 tam
352 1141 478 1224 patiens
501 1141 591 1224 nullo
615 1141 787 1206 certamine
810 1142 883 1206 tolli
1063 1159 1114 1207 300

101 1240 190 1302 dona
214 1237 320 1301 sines?
344 1237 401 1300 ubi
422 1258 509 1300 nunc
529 1237 624 1302 nobis
648 1239 725 1304 deus
748 1239 802 1302 ille
825 1239 988 1323 magister,

101 1335 302 1419 nequiquam
324 1338 519 1398 memoratus
542 1334 654 1418 Eryx?
677 1335 734 1398 ubi
757 1337 842 1398 fama
864 1358 920 1418 per
944 1358 1070 1400 omnem

101 1431 304 1497 Trinacriam
327 1435 358 1494 et
382 1431 485 1514 spolia
507 1431 564 1494 illa
586 1432 652 1495 tuis
675 1432 846 1514 pendentia
868 1433 996 1496 tectis?

101 1531 160 1594 ille
185 1528 246 1594 sub
268 1528 360 1592 haec:
385 1529 461 1592 ‘non
483 1529 586 1592 laudis
610 1550 699 1592 amor
721 1551 779 1592 nec
801 1528 904 1614 gloria
927 1530 1022 1593 cessit

102 1628 200 1711 pulsa
221 1629 323 1710 metu3
348 1626 402 1690 sed
425 1625 510 1689 enim
533 1625 656 1710 gelidus
679 1627 826 1689 tardante
850 1630 976 1690 senecta
1062 1643 1112 1691 301

102 1723 239 1807 sanguis
261 1721 368 1808 hebet,
389 1722 573 1806 frigentque
596 1723 708 1786 effetae
730 1723 765 1786 in
788 1744 919 1805 corpore
942 1724 1035 1787 vires.

102 1822 132 1884 si
155 1819 247 1905 mihi,
271 1841 352 1902 quae
376 1819 536 1902 quondam
558 1820 664 1883 fuerat
687 1840 813 1902 quaque
835 1819 1001 1902 improbus
1024 1821 1086 1884 iste

102 1917 229 1982 exultat
253 1916 363 2000 fidens,
386 1916 414 1978 si
436 1937 521 1980 nunc
543 1907 627 1980 foret
649 1916 706 1978 illa
727 1916 883 2002 iuventae,

101 2015 184 2078 haut
208 2013 353 2096 equidem
376 2013 481 2096 pretio
503 2013 652 2092 inductus
676 2011 873 2096 pulchroque
895 2013 1028 2077 iuvenco

102 2111 273 2194 venissem,
294 2131 353 2173 nec
376 2110 458 2173 dona
480 2109 609 2173 moror?
656 2110 702 2173 sio
724 2109 834 2173 deinde
857 2110 983 2174 locutus
1060 2129 1112 2177 400

102 2211 138 2272 in
159 2208 302 2272 medium
325 2207 470 2291 geminos
493 2207 625 2270 immani
648 2207 787 2290 pondere
811 2211 935 2271 caestus

102 2304 249 2390 proiecit,
273 2304 389 2386 quibus
413 2325 484 2368 acer
506 2303 597 2386 Eryx
619 2304 654 2367 in
676 2305 800 2386 proelia
823 2309 932 2369 suetus

103 2404 187 2466 ferre
210 2423 341 2465 manum
364 2401 507 2484 duroque
529 2401 693 2465 intendere
716 2401 863 2465 bracchia
885 2406 986 2486 terge.

103 2499 290 2581 obstipuere
314 2497 424 2561 animi:
448 2502 614 2561 tantorum
636 2498 780 2582 ingentia
804 2502 926 2582 septem

101 2601 196 2680 terga
219 2595 318 2658 boum
340 2594 474 2678 plumbo
496 2594 605 2660 insuto
629 2596 777 2678 ferroque
799 2595 956 2680 rigebant.
1059 2615 1109 2663 405

101 2697 178 2756 ante
203 2693 306 2756 omnis
331 2695 439 2775 stupet
461 2691 531 2774 ipse
552 2689 654 2754 Dares
677 2693 835 2776 longeque
858 2698 995 2777 recusat3

101 2788 391 2874 magnanimusque
413 2786 623 2850 Anchisiades
647 2792 678 2850 01
701 2788 826 2871 pondus
850 2791 882 2850 et
904 2789 975 2871 ipsa

100 2887 164 2950 huc
188 2886 267 2948 illuc
289 2885 467 2948 vinclorum
489 2885 644 2948 immensa
665 2885 830 2949 volumina
852 2892 966 2950 versat.

101 2989 174 3048 tum
198 2982 305 3046 senior
327 2983 403 3045 talis
427 2981 585 3046 referebat
607 2985 734 3065 pectore
756 3004 862 3046 voces:

102 3078 202 3163 ‘quid
227 3077 328 3161 siquis
351 3083 476 3142 caestus
499 3079 602 3162 ipsius
626 3083 658 3142 et
681 3078 829 3142 Herculis
853 3102 940 3144 arma
1059 3099 1110 3148 410

100 3177 236 3240 vidisset
260 3175 449 3259 tristemque
471 3175 533 3240 hoc
555 3177 625 3259 ipso
649 3176 684 3240 in
706 3177 802 3239 l'tore
824 3179 987 3260 pugnam?

100 3273 180 3337 haec
203 3293 373 3356 germanus
396 3273 486 3356 Eryx
510 3274 671 3356 quondam
693 3277 769 3336 tuus
793 3297 880 3337 arma
904 3275 1035 3358 gerebat

101 3371 275 3457 (sanguine
298 3370 399 3434 cernis
424 3370 526 3434 adhuc
549 3392 724 3453 sparsoque
746 3371 864 3434 infecta
887 3371 1040 3458 cerebro),

101 3467 153 3530 his
177 3488 330 3552 magnum
352 3466 487 3530 Alciden
509 3471 620 3530 contra
643 3468 744 3553 stetit,
766 3467 817 3531 his
842 3489 900 3552 ego
925 3472 1044 3553 suetus,
